%% This BibTeX bibliography file was created using BibDesk.
%% http://bibdesk.sourceforge.net/

%% Created for Linus Yang at 2015-06-26 11:14:58 +0800 


%% Saved with string encoding Unicode (UTF-8) 

@INPROCEEDINGS{Reynolds:1974,
  AUTHOR    = "Reynolds, John C.",
  TITLE     = "Towards a theory of type structure",
  BOOKTITLE = "Proceedings of the `Colloque sur la
              Programmation'",
  YEAR      = 1974,
  SERIES    = lncs,
  NUMBER    = 19,
  PAGES     = "408--425",
  ADDRESS   = "Paris, France"
}

@inproceedings{Eisenberg:2014,
 author = {Eisenberg, Richard A. and Vytiniotis, Dimitrios and Peyton Jones, Simon and Weirich, Stephanie},
 title = {Closed Type Families with Overlapping Equations},
 booktitle = {Proceedings of the 41st ACM SIGPLAN-SIGACT Symposium on Principles of Programming Languages},
 year = {2014},
} 
 
@article{pts:normalize,
	Author = {Jutting, LSV},
	Journal = {Information and Computation},
	Number = {1},
	Pages = {30--41},
	Title = {Typing in pure type systems},
	Volume = {105},
	Year = {1993}}

@inproceedings{handbook,
	Author = {Henk Barendregt},
	Booktitle = {Handbook of Logic in Computer Science},
	Pages = {117--309},
	Title = {Lambda Calculi with Types},
	Volume = {2},
	Year = {1992}}

@incollection{dep:pisigma,
	Author = {Altenkirch, Thorsten and Danielsson, Nils Anders and L{\"o}h, Andres and Oury, Nicolas},
	Booktitle = {Functional and Logic Programming},
	Pages = {40--55},
	Title = {{$\Pi$$\Sigma$: Dependent types without the sugar}},
	Year = {2010}}

@inproceedings{fc:kind,
  author    = {Stephanie Weirich and Justin Hsu and Richard A. Eisenberg},
  title     = {Towards dependently typed {Haskell}: {System FC} with kind equality},
  booktitle = {International Conference on Functional Programming},
  year      = 2013,
}

@InProceedings{zombie:popl14,
  author = 	  {Chris Casinghino and Vilhelm Sj\"oberg and Stephanie Weirich},
  title = 	  {Combining Proofs and Programs in a Dependently Typed Language},
  booktitle = {Proceedings of the 41st Annual ACM SIGPLAN-SIGACT Symposium on Principles of Programming Languages},
  year = 	  2014,
  pages =     {33--45},
}

@TechReport{Cheney-Hinze:2003,
  author    = "James Cheney and Ralf Hinze",
  title     = "First-Class Phantom Types",
  number    = "CUCIS TR2003-1901",
  year      = "2003",
}

@phdthesis{zombie:thesis,
	Author = {Vilhem Sj\"oberg},
	Coq = {papers/step_teqt.tar.gz},
	School = {University of Pennsylvania},
	Title = {A Dependently Typed Language with Nontermination},
	Year = {2015}}

@inproceedings{zombie:popl15,
	Author = {Sj\"{o}berg, Vilhelm and Weirich, Stephanie},
	Booktitle = {Proceedings of the 42nd Annual ACM SIGPLAN-SIGACT Symposium on Principles of Programming Languages},
	Numpages = {14},
	Pages = {369--382},
	Title = {Programming Up to Congruence},
	Year = {2015}}
        
@INPROCEEDINGS{pts:henk,
	AUTHOR = {S.L. {Peyton Jones} and E. Meijer},
	TITLE = {Henk: a {T}yped {I}ntermediate {L}anguage},
	BOOKTITLE = {Types in Compilation Workshop},
	PAGES = {},
	OPTPUBLISHER = {},
	YEAR = {1997}
}

@inproceedings{fc,
  title={System {F} with type equality coercions},
  author={Sulzmann, Martin and Chakravarty, Manuel MT and Jones, Simon Peyton and Donnelly, Kevin},
  booktitle={Proceedings of the ACM SIGPLAN international workshop on Types in Languages Design and Implementation},
  pages={53--66},
  year={2007},
}

@inproceedings{fc:pro,
 author = {Yorgey, Brent A. and Weirich, Stephanie and Cretin, Julien and Peyton Jones, Simon and Vytiniotis, Dimitrios and Magalh\~{a}es, Jos{\'e} Pedro},
 title = {Giving {H}askell a {P}romotion},
 booktitle = {Proceedings of the 8th ACM SIGPLAN Workshop on Types in Language Design and Implementation},
 year = {2012},
 pages = {53--66},
 numpages = {14},
}

@Article{coc,
  author = 	 {Thierry Coquand and G\'erard Huet},
  title = 	 {The Calculus of Constructions},
  journal = 	 {Information and Computation},
  year = 	 {1988},
  volume = 	 {76},
  pages = 	 {95--120}
}

@inproceedings{Fegaras1996,
author = {Fegaras, Leonidas and Sheard, Tim},
booktitle = {Proceedings of the 23rd ACM SIGPLAN-SIGACT Symposium on Principles of Programming Languages},
pages = {284--294},
title = {{Revisiting catamorphisms over datatypes with embedded functions (or, programs from outer space)}},
year = {1996}
}

@article{Bohm1985,
  title={Automatic synthesis of typed $\lambda$-programs on term algebras},
  author={B{\"o}hm, Corrado and Berarducci, Alessandro},
  journal={Theoretical Computer Science},
  volume={39},
  pages={135--154},
  year={1985},
}

@inproceedings{Swamy2011,
  author    = {Nikhil Swamy and
               Juan Chen and
               C{\'e}dric Fournet and
               Pierre-Yves Strub and
               Karthikeyan Bhargavan and
               Jean Yang},
  title     = {Secure distributed programming with value-dependent types},
  booktitle = {International Conference on Functional Programming},
  year      = {2011},
  pages     = {266-278},
}

@inproceedings{Meijer1991,
  author    = {Erik Meijer and
               Maarten M. Fokkinga and
               Ross Paterson},
  title     = "{Functional Programming with Bananas, Lenses, Envelopes and
               Barbed Wire}",
  booktitle = {Functional Programming Languages and Computer Architecture},
  year      = {1991},
}

@phdthesis{systemfw,
  author={Girard, Jean-Yves},
  title = {Interprétation fonctionnelle et élimination des coupures de l'arithmétique d'ordre supérieur},
  school = {Université Paris VII},
  year = {1972}
}

@article{nesteddt,
author = {Bird, Richard and Meertens, Lambert},
journal = {Mathematics of program construction},
pages = {52--67},
title = {{Nested datatypes}},
volume = {1422},
year = {1998}
}

@book{tapl,
  title={Types and programming languages},
  author={Pierce, Benjamin C},
  year={2002},
  publisher={MIT press}
}

@article{pts,
author = {Barendregt, HP and Barendregt, HP},
journal = {Journal of functional programming},
pages = {124},
title = {{Introduction to generalized type systems}},
volume = {1},
year = {1991}
}

@article{cic,
author = {Pfenning, F and Paulin-Mohring, C},
journal = {Mathematical Foundations of Programming Semantics},
pages = {209--228},
title = {{Inductively defined types in the Calculus of Constructions}},
year = {1990}
}

@article{encoding:scott,
		  author={Mogensen, T. \AE.},
		  title={Theoretical pearls: Efficient self-interpretation in lambda calculus},
		  journal={Journal of Functional Programming},
		  volume={2},
		  number={3},
		  year={1992},
		  pages={345--364}
		  }
                  
@inproceedings{elim:pi:pattern,
  author    = {Healfdene Goguen and
               Conor McBride and
               James McKinna},
  title     = {Eliminating Dependent Pattern Matching},
  booktitle = {Algebra, Meaning, and Computation, Essays Dedicated to Joseph A. Goguen
               on the Occasion of His 65th Birthday},
  pages     = {521--540},
  year      = {2006},
}

@book{Luo:UTT,
    author = {Luo, Zhaohui},
    month = {May},
    publisher = {Oxford University Press, USA},
    title = {Computation and Reasoning: A Type Theory for Computer Science (International Series of Monographs on Computer Science)},
    year = {1994}
}

@Misc{axiomK,
  author =       {Thomas Streicher},
  title =        {Investigations into intensional type theory},
  howpublished = {Habilitation Thesis, {L}udwig {M}aximilian
                      {U}niversit\"{a}t},
  year =         1993
}

@inproceedings{eqi:iso,
	Author = {Crary, Karl and Harper, Robert and Puri, Sidd},
	Booktitle = {ACM SIGPLAN Conference on Programming Language Design and Implementation},
	Title = {What is a recursive module?},
	Pages = {50--63},
	Year = {1999}}

@InProceedings{hoas,
  author = 	 {Frank Pfenning and Conal Elliott},
  title = 	 {Higher-order abstract syntax},
  booktitle = {ACM SIGPLAN '88 Symposium on Language Design and Implementation},
  pages = 	 {199--208},
  year = 	 {1988},
}

@article{datatype,
  author = "Wouter Swierstra",
  title = "Data types \`a la carte",
  journal = "Journal of Functional Programming",
  year = 2008,
  volume = 18,
  number = 4, 
  pages = "423 -- 436",
} 

@inproceedings{cayenne,
    author = "Lennart Augustsson",
    title = "Cayenne - a Language with Dependent Types",
    booktitle = "International Conference on Functional Programming",
    pages = "239--250",
    year = "1998",
}

@article{spt,
  title={Representing inductively defined sets by wellorderings in Martin-L{\"o}f's type theory},
  author={Dybjer, Peter},
  journal={Theoretical Computer Science},
  volume={176},
  number={1},
  pages={329--335},
  year={1997},
}

@phdthesis{agda,
	Author = {Ulf Norell},
	Date-Added = {2009-07-22 15:34:31 +0200},
	Date-Modified = {2009-07-22 15:34:31 +0200},
	School = {Chalmers University of Technology},
	Title = {Towards a practical programming language based on dependent type theory},
	Year = {2007}}

@Misc{coqsite,
  author= {{C}oq {D}evelopment Team},
  title = {The \emph{Coq} proof assistant},
  note = {Documentation, system download. {C}ontact: \texttt{http://coq.inria.fr/}}
}

@InProceedings{idris,
  Title                    = {{IDRIS---systems programming meets full dependent types}},
  Author                   = {Brady, Edwin},
  Booktitle                = {Proceedings of the 5th ACM workshop on Programming languages meets program verification},
  Year                     = {2011},
  Pages                    = {43--54},
}

@Article{harper:lf,
  author =	"Robert Harper and Furio Honsell and Gordon Plotkin",
  title =	"A Framework for Defining Logics",
  journal =	"Journal of the Association for Computing Machinery",
  volume =	"40",
  number =	"1",
  month =	jan,
  year =	"1993",
  pages =	"143--184",
  keywords = 	"LF"
}

@incollection{lf:delphin,
  title={Practical programming with higher-order encodings and dependent types},
  author={Poswolsky, Adam and Sch{\"u}rmann, Carsten},
  booktitle={Programming Languages and Systems},
  pages={93--107},
  year={2008},
}

@InProceedings{lf:twelf,
  author =       "Frank Pfenning and Carsten Sch{\"u}rmann",
  title =        "System Description: Twelf --- {A} Meta-Logical
                 Framework for Deductive Systems",
  pages =        "202--206",
  booktitle =    "Proceedings of the International Conference on
                 Automated Deduction",
  year =         "1999",
  month =        jul,
}

@inproceedings{gadtsml,
  title={GADTs for the OCaml masses},
  author={Mandelbaum, Yitzhak and Stump, Aaron},
  booktitle={Workshop on ML},
  year={2009}
}
@TECHREPORT{haskellgadt,
  AUTHOR = {Simon {Peyton~Jones} and Geoffrey Washburn and Stephanie Weirich},
  TITLE = {Wobbly types: type inference for generalised algebraic data types},
  INSTITUTION = {University of Pennsylvania},
  YEAR = 2004,
  MONTH = jul,
  NUMBER = {MS-CIS-05-26},
  PLCLUB = "yes",
}
