
@inproceedings{oliveira2016disjoint,
  title={Disjoint intersection types},
  author={Oliveira, Bruno C. d. S. and Shi, Zhiyuan and Alpuim, Jo{\~a}o},
  booktitle={International Conference on Functional Programming (ICFP)},
  year={2016}
}

@inproceedings{alpuimdisjoint,
  title={Disjoint Polymorphism},
  author={Alpuim, Jo{\~a}o and Oliveira, Bruno C. d. S. and Shi, Zhiyuan},
  booktitle = {European Symposium on Programming (ESOP)},
  year={2017}
}

@inproceedings{scharli2003traits,
  title={Traits: Composable units of behaviour},
  author={Sch{\"a}rli, Nathanael and Ducasse, St{\'e}phane and Nierstrasz, Oscar and Black, Andrew P},
  booktitle={European Conference on Object-Oriented Programming (ECOOP)},
  year={2003},
}

@inproceedings{cook1989denotational,
	year = {1989},
	author = {Cook, William R. and Palsberg, Jens},
	title = {A denotational semantics of inheritance and its correctness},
	booktitle = {Object-Oriented Programming: Systems, Languages and Applications (OOPSLA)}
}

@article{wadler1998expression,
  title={The expression problem},
  author={Wadler, Philip},
  journal={Java-genericity mailing list},
  year={1998}
}

@Article{coppo1981functional,
  author       = {Mario Coppo and Mariangiola Dezani{-}Ciancaglini and Betti Venneri},
  title        = {Functional Characters of Solvable Terms},
  year         = 1981,
  volume       = 27,
  number       = {2-6},
  pages        = {45-58},
  journal={Mathematical Logic Quarterly},
}



@Article{dunfield2014elaborating,
  author       = {Joshua Dunfield},
  title        = {Elaborating intersection and union types},
  year         = 2014,
  volume       = 24,
  number       = {2-3},
  pages        = {133-165},
  journal={Journal of Functional Programming},
}

@inproceedings{oliveira09modular,
  title = {Modular Visitor Components: A Practical Solution to the Expression Families Problem},
  author = {Oliveira, Bruno C. d. S. },
  year = {2009},
  booktitle = {European Conference on Object Oriented Programming (ECOOP)},
}


@inproceedings{oliveira2012extensibility,
  title={Extensibility for the Masses},
  author={Oliveira, Bruno C. d. S. and Cook, William R.},
  booktitle={European Conference on Object-Oriented Programming (ECOOP)},
  year={2012},
}


@inproceedings{cook1989inheritance,
  title={Inheritance is not subtyping},
  author={Cook, William R. and Hill, Walter and Canning, Peter S},
  booktitle={Principles of Programming Languages (POPL)},
  year={1989},
}


@inproceedings{togersen:2004,
  author    = {Mads Torgersen},
  title     = {{The Expression Problem Revisited}},
  booktitle = {European Conference on Object-Oriented Programming (ECOOP)},
  year      = {2004},
}

@inproceedings{oliveira2013feature,
  title={Feature-Oriented programming with object algebras},
  author={Oliveira, Bruno C. d. S. and Van Der Storm, Tijs and Loh, Alex and Cook, William R},
  booktitle={European Conference on Object-Oriented Programming (ECOOP)},
  year={2013}
}

@inproceedings{rendel14attributes,
 author = {Rendel, Tillmann and Brachth\"{a}user, Jonathan Immanuel and Ostermann, Klaus},
 title = {From Object Algebras to Attribute Grammars},
 booktitle = {Object Oriented Programming, Systems Languages and Applications (OOPSLA)},
 year = {2014}
}

@BOOK{poplcook,
  TITLE = {Anatomy of Programming Languages},
  AUTHOR = {William R. Cook},
  YEAR = {2013},
  url = {http://www.cs.utexas.edu/~wcook/anatomy/}
}

@article{pottinger1980type,
  title={A type assignment for the strongly normalizable $\lambda$-terms},
  author={Pottinger, Garrel},
  journal={To HB Curry: essays on combinatory logic, lambda calculus and formalism},
  pages={561--577},
  year={1980}
}

@inproceedings{bracha1990mixin,
  title={Mixin-based inheritance},
  author={Bracha, Gilad and Cook, William R.},
  booktitle={Object-oriented Programming, Systems, Languages and Applications (OOPSLA)},
  year={1990},
}

@inproceedings{flatt1998classes,
  title={Classes and mixins},
  author={Flatt, Matthew and Krishnamurthi, Shriram and Felleisen, Matthias},
  booktitle={Principles of Programming Languages (POPL)},
  year={1998},
}

@inproceedings{chambers1992object,
  title={Object-oriented multi-methods in Cecil},
  author={Chambers, Craig},
  booktitle={European Conference on Object-Oriented Programming (ECOOP)},
  year={1992},
}

@techreport{chambers1993cecil,
  title={The Cecil Language},
  author={Chambers, Craig},
  year={1993},
  institution={Citeseer}
}


@InProceedings{lieberman1986using,
  author       = {Henry Lieberman},
  title        = {Using Prototypical Objects to Implement Shared Behavior in Object Oriented Systems},
  year         = 1986,
  booktitle    = {Object-Oriented Programming Systems, Languages, and Applications (OOPSLA)},
}



@inproceedings{kniesel1999type,
  title={Type-safe delegation for run-time component adaptation},
  author={Kniesel, G{\"u}nter},
  booktitle={European Conference on Object-Oriented Programming (ECOOP)},
  year={1999},
}

@inproceedings{ostermann2001object,
  title={Object-oriented composition untangled},
  author={Ostermann, Klaus and Mezini, Mira},
  booktitle={Object-Oriented Programming: Systems, Languages and Applications (OOPSLA)},
  year={2001},
}

@inproceedings{buchi2000generic,
  title={Generic wrappers},
  author={B{\"u}chi, Martin and Weck, Wolfgang},
  booktitle={European Conference on Object-Oriented Programming (ECOOP)},
  year={2000},
}

@article{ernst2000gbeta,
  title={gbeta-a language with virtual attributes, Block Structure, and Propagating, Dynamic Inheritance},
  author={Ernst, Erik},
  journal={DAIMI Report Series},
  volume={29},
  number={549},
  year={2000}
}

@article{ostermann2008nominal,
	year = 2008,
	volume = {7},
	number = {1},
	pages = {121--145},
	author = {Klaus Ostermann},
	title = {Nominal and Structural Subtyping in Component-Based Programming.},
	journal = {The Journal of Object Technology}
}

@inproceedings{ostermann2002dynamically,
  title={Dynamically composable collaborations with delegation layers},
  author={Ostermann, Klaus},
  booktitle={European Conference on Object-Oriented Programming (ECOOP)},
  year={2002},
}

@inproceedings{wegner1987dimensions,
  title={Dimensions of object-based language design},
  author={Wegner, Peter},
  year={1987},
  booktitle={Object-Oriented Programming: Systems, Languages and Applications (OOPSLA)},
}

@inproceedings{malenfant1995semantic,
  title={On the semantic diversity of delegation-based programming languages},
  author={Malenfant, Jacques},
  booktitle={Object-Oriented Programming: Systems, Languages and Applications (OOPSLA)},
  year={1995},
}

@article{anderson2003can,
  title={Can Addresses be Types?: A case study: objects with delegation},
  author={Anderson, Christopher and Barbanera, Franco and Dezani-Ciancaglini, Mariangiola and Drossopoulou, Sophia},
  journal={Electronic Notes in Theoretical Computer Science},
  volume={82},
  number={8},
  pages={108--129},
  year={2003},
}

@inproceedings{menon2012big,
  title={Big Bang: Designing a statically-typed scripting language},
  author={Menon, PH and Palmer, Z and Rozenshteyn, A and Smith, S},
  booktitle={International Workshop on Scripts to Programs (STOP)},
  year={2012}
}

@phdthesis{palmer2015building,
  title={Building a Typed Scripting Language},
  author={Palmer, Zachary Eli},
  year={2015},
  school={Johns Hopkins University}
}

@inproceedings{bono1999core,
  title={A core calculus of classes and mixins},
  author={Bono, Viviana and Patel, Amit and Shmatikov, Vitaly},
  booktitle={European Conference on Object-Oriented Programming (ECOOP)},
  year={1999},
}

@inproceedings{ancona2003jam,
  title={Jam--designing a Java extension with mixins},
  author={Ancona, Davide and Lagorio, Giovanni and Zucca, Elena},
  booktitle={ACM Transactions on Programming Languages and Systems (TOPLAS)},
  year={2003},
}

@article{dahl1967simula,
  title={Simula 67 common base language},
  author={Dahl, Ole-Johan and Myhrhaug, Bjorn and Nygaard, Kristen},
  year={1967}
}

@article{meyer1987eiffel,
  title={Eiffel: programming for reusability and extendibility},
  author={Meyer, Bertrand},
  journal={ACM Sigplan Notices},
  volume={22},
  number={2},
  pages={85--94},
  year={1987},
  publisher={ACM}
}

@inproceedings{fisher2004typed,
  title={A typed calculus of traits},
  author={Fisher, Kathleen and Reppy, John},
  booktitle={Workshop on Foundations of Object-oriented Programming},
  year={2004}
}

@inproceedings{odersky2005scalable,
  title={Scalable component abstractions},
  author={Odersky, Martin and Zenger, Matthias},
  booktitle={Object-Oriented Programming: Systems, Languages and Applications (OOPSLA 2005)},
  year={2005},
}

@inproceedings{ungar1988self,
  title={SELF: the power of simplicity (object-oriented language)},
  author={Ungar, David and Smith, Randall B},
  booktitle={Compcon Spring'88. Thirty-Third IEEE Computer Society International Conference, Digest of Papers},
  year={1988},
}

@inproceedings{fisher1995delegation,
  title={A delegation-based object calculus with subtyping},
  author={Fisher, Kathleen and Mitchell, John},
  booktitle={Fundamentals of Computation Theory},
  year={1995},
}

@book{goldberg1989smalltalk,
  title={Smalltalk-80: the language},
  author={Goldberg, Adele and Robson, David},
  year={1989},
  publisher={Addison-Wesley Longman Publishing Co., Inc.}
}


@inproceedings{bettini2010prototypical,
  title={A prototypical Java-like language with records and traits},
  author={Bettini, Lorenzo and Damiani, Ferruccio and Schaefer, Ina and Strocco, Fabio},
  booktitle={Proceedings of the 8th International Conference on the Principles and Practice of Programming in Java},
  year={2010},
}

@article{scharli2003traitsformal,
  title={Traits: The formal model},
  author={Scharli, Nathanael and Ducasse, St and Wuyts, Roel and Black, Andrew and others},
  year={2003}
}


@article{cardelli1984semantics,
  title={A semantics of multiple inheritance},
  author={Cardelli, Luca},
  journal={Semantics of data types},
  pages={51--67},
  year={1984},
}

@article{america1991designing,
  title={Designing an object-oriented programming language with behavioural subtyping},
  author={America, Pierre},
  journal={Foundations of object-oriented languages},
  year={1991},
}

@inproceedings{graver1989type,
  title={A type system for Smalltalk},
  author={Graver, Justin O and Johnson, Ralph E},
  booktitle={Principles of programming languages (POPL)},
  year={1989},
}

@inproceedings{bruce1995polytoil,
  title={PolyTOIL: A type-safe polymorphic object-oriented language},
  author={Bruce, Kim B and Schuett, Angela and Van Gent, Robert},
  booktitle={European Conference on Object-Oriented Programming (ECOOP)},
  year={1995},
}

@inproceedings{Smaragdakis98mixin,
 author = {Smaragdakis, Yannis and Batory, Don S.},
 title = {Implementing Layered Designs with Mixin Layers},
 booktitle = {European Conference on Object-Oriented Programming (ECOOP)},
 year = {1998}
}

@incollection{Aracic06CaesarJ,
 author = {Aracic, Ivica and Gasiunas, Vaidas and Mezini, Mira and Ostermann, Klaus},
 chapter = {An Overview of Caesarj},
 title = {Transactions on Aspect-Oriented Software Development I},
 year = {2006}
}

@inproceedings{McDirmid01Jiazzi,
 author = {McDirmid, Sean and Flatt, Matthew and Hsieh, Wilson C.},
 title = {Jiazzi: New-age Components for Old-fasioned Java},
 booktitle = {Object-oriented Programming, Systems, Languages, and Applications (OOPSLA)},
 year = {2001}
}

@inproceedings{Harrison93subject,
 author = {Harrison, William and Ossher, Harold},
 title = {Subject-oriented Programming: A Critique of Pure Objects},
 booktitle = {Object-oriented Programming Systems, Languages, and Applications (OOPSLA)},
 year = {1993},
}

@inproceedings{Tarr99ndegrees,
 author = {Tarr, Peri and Ossher, Harold and Harrison, William and Sutton,Jr., Stanley M.},
 title = {N Degrees of Separation: Multi-dimensional Separation of Concerns},
 booktitle = {Proceedings of the 21st International Conference on Software Engineering},
 year = {1999},
}

@inproceedings{Prehofer97,
  author =   {Christian Prehofer},
  title =    {Feature-Oriented Programming: A Fresh Look at Objects},
  booktitle =    {Object-Oriented Programming 11th European Conference},
  year =   1997
}

@inproceedings{nystrom2006j,
  title={Nested intersection for scalable software composition},
  author={Nystrom, Nathaniel and Qi, Xin and Myers, Andrew C},
  booktitle={Object-Oriented Programming: Systems, Languages and Applications (OOPSLA 2006)},
  year = {2006},
}

@InProceedings{Zenger-Odersky2005 ,
  author =   {Zenger, Mathhias and Odersky, Martin},
  title =        {Independently Extensible Solutions to the Expression Problem},
  booktitle =    {Foundations of Object-Oriented Languages},
  year =         2005,
}

@inproceedings{Oliveira_2008,
	year = 2008,
	author = {Oliveira, Bruno C. d. S. and Wang, Meng and Gibbons, Jeremy},
	title = {The visitor pattern as a reusable, generic, type-safe component},
	booktitle = {Object Oriented Programming: Systems, Languages and Applications (OOPSLA)}
}

@article{zave1999faq,
  title={Faq sheet on feature interaction},
  author={Zave, Pamela},
  journal={Link: http://www. research. att. com/\~{} pamela/faq. html},
  year={1999}
}

@inproceedings{lopez2005evaluating,
  title={Evaluating support for features in advanced modularization technologies},
  author={Lopez-Herrejon, Roberto E and Batory, Don and Cook, William},
  booktitle={European Conference on Object-Oriented Programming (ECOOP)},
  year={2005},
}

@inproceedings{wand1987complete,
  title={Complete type inference for simple objects},
  author={Wand, Mitchell},
  booktitle={LICS},
  year={1987}
}

@inproceedings{wand1989type,
  title={Type Inference for Record Concatenation and Multiple Inheritance},
  author={Wand, Mitchell},
  booktitle={LICS},
  year={1989}
}

@InProceedings{DBLP:conf/oopsla/TakikawaSDTF12,
  author       = {Asumu Takikawa and T. Stephen Strickland and Christos Dimoulas
                  and Sam Tobin{-}Hochstadt and Matthias Felleisen},
  title        = {Gradual typing for first-class classes},
  year         = 2012,
  booktitle = {Object-oriented Programming: Systems, Languages and Applications (OOPSLA)},
}

@InProceedings{DBLP:conf/ecoop/LeeASP15,
  author       = {Joseph Lee and Jonathan Aldrich and Troy Shaw and Alex
                  Potanin},
  title        = {A Theory of Tagged Objects},
  year         = 2015,
  booktitle    = {European Conference on Object-Oriented Programming (ECOOP)},
}

@InProceedings{DBLP:conf/ecoop/0002HNB16,
  author       = {Timothy Jones and Michael Homer and James Noble and Kim B.
                  Bruce},
  title        = {Object Inheritance Without Classes},
  year         = 2016,
  booktitle    = {European Conference on Object-Oriented Programming (ECOOP)},
}

@Article{DBLP:journals/jot/NobleBBHJ17,
  author       = {James Noble and Andrew P. Black and Kim B. Bruce and Michael
                  Homer and Timothy Jones},
  title        = {Grace's Inheritance},
  year         = 2017,
  volume       = 16,
  number       = 2,
  pages        = {2:1--35},
  journal      = {Journal of Object Technology},
}

@book{EcmaScript:15,
  added-at = {2015-08-28T15:36:26.000+0200},
  address = {Geneva},
  author = {{Ecma International}},
  biburl = {https://www.bibsonomy.org/bibtex/28d67e2ebf933f3b6f684fcfb1f53b020/gron},
  edition = {6th},
  interhash = {8212a5bb4b7ac3137534f10d599cb526},
  intrahash = {8d67e2ebf933f3b6f684fcfb1f53b020},
  keywords = {JavaScript spec specification},
  month = {June},
  timestamp = {2015-08-28T15:37:30.000+0200},
  title = {{ECMAScript 2015 Language Specification}},
  url = {http://www.ecma-international.org/ecma-262/6.0/ECMA-262.pdf},
  year = 2015
}


@article{wand1994type,
  title={Type inference for objects with instance variables and inheritance},
  author={Wand, Mitchell},
  journal={Theoretical aspects of object-oriented programming},
  pages={97--120},
  year={1994}
}


@InProceedings{DBLP:conf/oopsla/AllenBC03,
  author       = {Eric E. Allen and Jonathan Bannet and Robert Cartwright},
  title        = {A first-class approach to genericity},
  year         = 2003,
  booktitle    = {Object-Oriented Programming Systems, Languages and Applications (OOPSLA)},
}


@Book{DBLP:books/daglib/0005958,
  author       = {Benjamin C. Pierce},
  title        = {Types and programming languages},
  year         = 2002,
  publisher    = {{MIT} Press},
  isbn         = {978-0-262-16209-8},
  timestamp    = {Thu, 03 Feb 2011 10:51:35 +0100},
  biburl       = {http://dblp.org/rec/bib/books/daglib/0005958},
  bibsource    = {dblp computer science bibliography, http://dblp.org}
}

@techreport{odersky2004overview,
  title={An overview of the Scala programming language},
  author={Odersky, Martin and Altherr, Philippe and Cremet, Vincent and Emir, Burak and Maneth, Sebastian and Micheloud, St{\'e}phane and Mihaylov, Nikolay and Schinz, Michel and Stenman, Erik and Zenger, Matthias},
  year={2004}
}


@InProceedings{DBLP:conf/gcse/SmaragdakisB00,
  author       = {Yannis Smaragdakis and Don S. Batory},
  title        = {Mixin-Based Programming in {C++}},
  year         = 2000,
  booktitle    = {Generative and Component-Based Software Engineering (GCSE)},
}

@InProceedings{DBLP:conf/aplas/FlattFF06,
  author       = {Matthew Flatt and Robert Bruce Findler and Matthias Felleisen},
  title        = {Scheme with Classes, Mixins, and Traits},
  year         = 2006,
  booktitle    = {Programming Languages and Systems (APLAS)},
}

@ONLINE{javascript,
title = {JavaScript},
url = {https://www.javascript.com/}
}

@ONLINE{ruby,
title = {Ruby},
url = {https://www.ruby-lang.org/en/}
}

@ONLINE{python,
title = {Python},
url = {https://www.python.org/}
}

@ONLINE{racket,
title = {Racket},
url = {https://racket-lang.org/}
}

@phdthesis{bracha1992programming,
  title={The programming language jigsaw: mixins, modularity and multiple inheritance},
  author={Bracha, Gilad},
  year={1992},
  school={Dept. of Computer Science, University of Utah}
}

@Article{DBLP:journals/jfp/FindlerCFFKSF02,
  author       = {Robert Bruce Findler and John Clements and Cormac Flanagan and
                  Matthew Flatt and Shriram Krishnamurthi and Paul Steckler and
                  Matthias Felleisen},
  title        = {DrScheme: a programming environment for Scheme},
  year         = 2002,
  volume       = 12,
  number       = 2,
  pages        = {159-182},
  journal      = {J. Funct. Program.},
}

@InProceedings{DBLP:journals/corr/BessaiDDCd15,
  author       = {Jan Bessai and Boris D{\"{u}}dder and Andrej Dudenhefner and
                  Tzu{-}Chun Chen and Ugo de'Liguoro},
  title        = {Typing Classes and Mixins with Intersection Types},
  year         = 2014,
  booktitle    = {Workshop on Intersection Types and Related Systems (ITRS)},
}

@article{Ducasse_2006,
	year = 2006,
	month = {mar},
	publisher = {Association for Computing Machinery ({ACM})},
	volume = {28},
	number = {2},
	pages = {331--388},
	author = {St{\'{e}}phane Ducasse and Oscar Nierstrasz and Nathanael Schärli and Roel Wuyts and Andrew P. Black},
	title = {Traits: A Mechanism for Fine-grained Reuse},
	journal = {{ACM} Transactions on Programming Languages and Systems}
}

@article{JOT:issue_2006_05/article4,
  author = {Oscar Nierstrasz and St\'{e}phane Ducasse and Nathanael Sch\"{a}rli},
  title = {Flattening Traits},
  journal = {Journal of Object Technology},
  volume = {5},
  number = {4},
  issn = {1660-1769},
  year = {2006},
  month = may,
  pages = {129-148},
}


@inproceedings{xuan_nested,
  title={The Essence of Nested Composition},
  author={Bi, Xuan and Oliveira, Bruno C. d. S. and Tom Schrijvers},
  booktitle={European Conference on Object-Oriented Programming},
  year={2018},
}

@article{LAGORIO201286,
  title = "Featherweight Jigsaw — Replacing inheritance by composition in Java-like languages",
  journal = "Information and Computation",
  volume = "214",
  pages = "86 - 111",
  year = "2012",
  issn = "0890-5401",
  author = "Giovanni Lagorio and Marco Servetto and Elena Zucca"
}

@InProceedings{chai_trait,
  author="Smith, Charles and Drossopoulou, Sophia",
  editor="Black, Andrew P.",
  title="Chai: Traits for Java-Like Languages",
  booktitle={European Conference on Object-Oriented Programming (ECOOP)},
  year="2005",
}

@article{BETTINI2013521,
  title = "TraitRecordJ: A programming language with traits and records",
  journal = "Science of Computer Programming",
  volume = "78",
  number = "5",
  pages = "521 - 541",
  year = "2013",
  issn = "0167-6423",
  author = "Lorenzo Bettini and Ferruccio Damiani and Ina Schaefer and Fabio Strocco",
  keywords = "Java, Trait, Type system, Implementation, Eclipse"
}

@article{BETTINI2017419,
title = "Xtraitj: Traits for the Java platform",
journal = "Journal of Systems and Software",
volume = "131",
pages = "419 - 441",
year = "2017",
issn = "0164-1212",
author = "Lorenzo Bettini and Ferruccio Damiani",
keywords = "Java, Trait, IDE, Implementation, Eclipse"
}

@article{SERVETTO2014219,
title = "A meta-circular language for active libraries",
journal = "Science of Computer Programming",
volume = "95",
pages = "219 - 253",
year = "2014",
author = "Marco Servetto and Elena Zucca",
keywords = "Java, Meta-programming, Nested classes, Active libraries"
}

@article{BETTINI2013907,
title = "On flexible dynamic trait replacement for Java-like languages",
journal = "Science of Computer Programming",
volume = "78",
number = "7",
pages = "907 - 932",
year = "2013",
issn = "0167-6423",
author = "Lorenzo Bettini and Sara Capecchi and Ferruccio Damiani",
keywords = "Featherweight Java, Trait, Type system"
}


@article{ANCONA_2002,
	doi = {10.1017/s0956796801004257},
	url = {https://doi.org/10.1017%2Fs0956796801004257},
	year = 2002,
	month = {mar},
	publisher = {Cambridge University Press ({CUP})},
	volume = {12},
	number = {02},
	author = {DAVIDE ANCONA and ELENA ZUCCA},
	title = {A calculus of module systems},
	journal = {Journal of Functional Programming}
}

@article{Rossberg_2013,
	year = 2013,
	month = {apr},
	publisher = {Association for Computing Machinery ({ACM})},
	volume = {35},
	number = {1},
	pages = {1--84},
	author = {Andreas Rossberg and Derek Dreyer},
	title = {Mixin' Up the {ML} Module System},
	journal = {{ACM} Transactions on Programming Languages and Systems}
}

@inproceedings{MacQueen_1984,
	year = 1984,
	author = {David MacQueen},
	title = {Modules for standard {ML}},
	booktitle = {Proceedings of the 1984 {ACM} Symposium on {LISP} and functional programming  - {LFP} {\textquotesingle}84}
}

@INPROCEEDINGS{Bracha92modularitymeets,
    author = {Gilad Bracha and Gary Lindstrom},
    title = {Modularity meets Inheritance},
    booktitle = {International Conference on Computer Languages},
    year = {1992},
    pages = {282--290},
    publisher = {IEEE Computer Society}
}

@phdthesis{ahmed2004semantics,
  title={Semantics of types for mutable state},
  author={Ahmed, Amal Jamil},
  year={2004},
  school={Princeton University}
}
