@inproceedings{ernst_hoh,
  author    = {Erik Ernst},
  title     = {Higher-Order Hierarchies},
  booktitle = {ECOOP},
  year      = {2003},
}


@inproceedings{biernacki2015logical,
  title={Logical relations for coherence of effect subtyping},
  author={Biernacki, Dariusz and Polesiuk, Piotr},
  booktitle={LIPIcs},
  year={2015},
}

@article{laurent2012intersection,
  title={Intersection types with subtyping by means of cut elimination},
  author={Laurent, Olivier},
  journal={Fundamenta Informaticae},
  volume={121},
  number={1-4},
  pages={203--226},
  year={2012},
}

@techreport{pierce1989decision,
  title={A decision procedure for the subtype relation on intersection types with bounded variables},
  author={Pierce, Benjamin C},
  institution =  {Carnegie Mellon University},
  year={1989}
}

@Unpublished{Laurent12note,
  author = {Olivier Laurent},
  title  = {A syntactic introduction to intersection types},
  note   = {Unpublished note},
  year   = {2012}
}

@book{Harper_2016,
	year = 2016,
	publisher = {Cambridge University Press},
	author = {Robert Harper},
	title = {Practical Foundations for Programming Languages}
}


@incollection{Reynolds_1991,
	year = 1991,
	pages = {675--700},
	author = {John C. Reynolds},
	title = {The coherence of languages with intersection types},
  publisher="Springer Berlin Heidelberg",
	booktitle = {LNCS}
}

@article{Breazu_Tannen_1991,
	year = 1991,
	volume = {93},
	number = {1},
	pages = {172--221},
	author = {Val Breazu-Tannen and Thierry Coquand and Carl A. Gunter and Andre Scedrov},
	title = {Inheritance as implicit coercion},
	journal = {Information and Computation}
}

@article{cardelli1985understanding,
	year = 1985,
	volume = {17},
	number = {4},
	pages = {471--523},
	author = {Luca Cardelli and Peter Wegner},
	title = {On understanding types, data abstraction, and polymorphism},
	journal = {{ACM} Computing Surveys}
}

@article{Curien_1992,
	year = 1992,
	volume = {2},
	number = {01},
	pages = {55},
	author = {Pierre-Louis Curien and Giorgio Ghelli},
	title = {Coherence of subsumption, minimum typing and type-checking in F $\leq$},
	journal = {MSCS}
}

@article{SCHWINGHAMMER_2008,
	year = 2008,
	volume = {19},
	number = {02},
	pages = {157},
	author = {Jan Schwinghammer},
	title = {Coherence of subsumption for monadic types},
	journal = {JFP}
}

@article{Moggi_1991,
	year = 1991,
	volume = {93},
	number = {1},
	pages = {55--92},
	author = {Eugenio Moggi},
	title = {Notions of computation and monads},
	journal = {Information and Computation}
}


@phdthesis{morris1969lambda,
  title={Lambda-calculus models of programming languages},
  author={Morris Jr, James Hiram},
  year={1969},
  school={Massachusetts Institute of Technology}
}

@article{dunfield2014elaborating,
	year = 2014,
	volume = {24},
	pages = {133--165},
	author = {Joshua Dunfield},
	title = {Elaborating intersection and union types},
	journal = {JFP}
}


@inproceedings{oliveira2016disjoint,
  title={Disjoint intersection types},
  author={Oliveira, Bruno C. d. S. and Shi, Zhiyuan and Alpuim, Jo{\~a}o},
  booktitle={ICFP},
  year={2016}
}

@inproceedings{alpuimdisjoint,
  title={Disjoint Polymorphism},
  author={Alpuim, Jo{\~a}o and Oliveira, Bruno C. d. S. and Shi, Zhiyuan},
  booktitle = {ESOP},
  year={2017}
}


@inproceedings{Ernst_2001,
	year = 2001,
	author = {Erik Ernst},
	title = {Family Polymorphism},
	booktitle = {ECOOP}
}

@article{Corradi_2012,
	year = 2012,
	volume = {11},
	number = {2},
	pages = {1:1},
	author = {Andrea Corradi and Marco Servetto and Elena Zucca},
	title = {{DeepFJig} {\textemdash} Modular composition of nested classes.},
	journal = {The Journal of Object Technology}
}

@article{Barendregt_1983,
	year = 1983,
	volume = {48},
	number = {04},
	pages = {931--940},
	author = {Henk Barendregt and Mario Coppo and Mariangiola Dezani-Ciancaglini},
	title = {A filter lambda model and the completeness of type assignment },
	journal = {JSL}
}

@article{Kurata_1995,
  title={Decidable properties of intersection type systems},
  author={Kurata, Toshihiko and Takahashi, Masako},
  journal={Typed Lambda Calculi and Applications},
  pages={297--311},
  year={1995},
  publisher={Springer}
}

@inproceedings{Rehof_2011,
  title={Finite combinatory logic with intersection types},
  author={Rehof, Jakob and Urzyczyn, Pawe{\l}},
  booktitle={International Conference on Typed Lambda Calculi and Applications},
  year={2011},
}

@article{Statman_2015,
	year = 2015,
	volume = {177},
	pages = {1--9},
	author = {Rick Statman},
	title = {A Finite Model Property for Intersection Types},
	journal = {Electronic Proceedings in Theoretical Computer Science}
}

@inproceedings{bessaiextracting,
  title={Extracting a formally verified Subtyping Algorithm for Intersection Types from Ideals and Filters},
  author={Bessai, Jan and Dudenhefner, Andrej and D{\"u}dder, Boris and Rehof, Jakob},
	booktitle = {TYPES},
	year = 2016,
}

@article{coppo1981functional,
  title={Functional characters of solvable terms},
  author={Coppo, Mario and Dezani-Ciancaglini, Mariangiola and Venneri, Betti},
  journal={Mathematical Logic Quarterly},
  year={1981},
}


@article{pottinger1980type,
  title={A type assignment for the strongly normalizable $\lambda$-terms},
  author={Pottinger, Garrel},
  journal={To HB Curry: essays on combinatory logic, lambda calculus and formalism},
  year={1980}
}

@incollection{reynolds1997design,
  title={Design of the programming language Forsythe},
  author={Reynolds, John C},
  booktitle={ALGOL-like languages},
  pages={173--233},
  year={1997},
}

@incollection{Cardelli_1984,
	year = 1984,
	author = {Luca Cardelli},
	title = {A semantics of multiple inheritance},
	booktitle = {Semantics of Data Types}
}

@article{compagnoni1996higher,
  title={Higher-order intersection types and multiple inheritance},
  author={Compagnoni, Adriana B and Pierce, Benjamin C},
  journal={MSCS},
  volume={6},
  number={5},
  pages={469--501},
  year={1996}
}

@techreport{odersky2004overview,
  title={An overview of the Scala programming language},
  author={Odersky, Martin and Altherr, Philippe and Cremet, Vincent and Emir, Burak and Maneth, Sebastian and Micheloud, St{\'e}phane and Mihaylov, Nikolay and Schinz, Michel and Stenman, Erik and Zenger, Matthias},
  institution =  {EPFL},
  year={2004}
}

@inproceedings{Rompf_2016,
	year = 2016,
	author = {Tiark Rompf and Nada Amin},
	title = {Type soundness for dependent object types ({DOT})},
	booktitle = {OOPSLA}
}

@inproceedings{amin2012dependent,
  title={Dependent object types},
  author={Amin, Nada and Moors, Adriaan and Odersky, Martin},
  booktitle={FOOL},
  year={2012}
}


@inproceedings{bierman2014understanding,
  title={Understanding typescript},
  author={Bierman, Gavin and Abadi, Mart{\'\i}n and Torgersen, Mads},
  booktitle={ECOOP},
  year={2014},
}

@misc{typescript,
  author = {Microsoft},
  title = {TypeScript},
  year={2012},
  howpublished = "\url{https://www.typescriptlang.org/}"
}

@misc{flow,
  author = {Facebook},
  title = {Flow},
  year={2014},
  howpublished = "\url{https://flow.org/}"
}


@misc{ceylon,
  author = {Redhat},
  title = {Ceylon},
  year={2011},
  howpublished = "\url{https://ceylon-lang.org/}"
}



@inproceedings{Castagna_1992,
	year = 1992,
	author = {Giuseppe Castagna and Giorgio Ghelli and Giuseppe Longo},
	title = {A calculus for overloaded functions with subtyping},
	booktitle = {LFP}
}

@phdthesis{davies2005practical,
  title={Practical refinement-type checking},
  author={Davies, Rowan},
  year={2005}
}

@inproceedings{Dunfield_2007,
	year = 2007,
	author = {Joshua Dunfield},
	title = {Refined typechecking with Stardust},
	booktitle = {PLPV}
}

@inproceedings{Freeman_1991,
	year = 1991,
	author = {Tim Freeman and Frank Pfenning},
	title = {Refinement types for {ML}},
	booktitle = {PLDI}
}

@inproceedings{Davies_2000,
	year = 2000,
	author = {Rowan Davies and Frank Pfenning},
	title = {Intersection types and computational effects},
	booktitle = {ICFP}
}

@inproceedings{dunfield2003type,
  title={Type assignment for intersections and unions in call-by-value languages},
  author={Dunfield, Joshua and Pfenning, Frank},
  booktitle={FoSSaCS},
  year={2003},
}

@inproceedings{scharli2003traits,
  title={Traits: Composable units of behaviour},
  author={Sch{\"a}rli, Nathanael and Ducasse, St{\'e}phane and Nierstrasz, Oscar and Black, Andrew P},
  booktitle={ECOOP},
  year={2003},
}

@inproceedings{sakkinen1989disciplined,
  title={Disciplined Inheritance.},
  author={Sakkinen, Markku},
  booktitle={ECOOP},
  year={1989}
}

@article{singh1995single,
  title={Single versus multiple inheritance in object oriented programming},
  author={Singh, Ghan Bir},
  journal={ACM SIGPLAN OOPS Messenger},
  volume={6},
  number={1},
  pages={30--39},
  year={1995},
}

@inproceedings{bracha1990mixin,
  title={Mixin-based inheritance},
  author={Bracha, Gilad and Cook, William R.},
  booktitle={OOPSLA},
  year={1990},
}


@inproceedings{fisher2004typed,
  title={A typed calculus of traits},
  author={Fisher, Kathleen and Reppy, John},
  booktitle={FOOL},
  year={2004}
}

@inproceedings{odersky2005scalable,
  title={Scalable component abstractions},
  author={Odersky, Martin and Zenger, Matthias},
  booktitle={OOPSLA},
  year={2005},
}

@article{ducasse2006traits,
  title={Traits: A mechanism for fine-grained reuse},
  author={Ducasse, St{\'e}phane and Nierstrasz, Oscar and Sch{\"a}rli, Nathanael and Wuyts, Roel and Black, Andrew P},
  journal={TOPLAS},
  volume={28},
  number={2},
  pages={331--388},
  year={2006},
}

@article{wadler1998expression,
  title={The expression problem},
  author={Wadler, Philip},
  journal={Java-genericity mailing list},
  year={1998}
}

@inproceedings{jones2016object,
  title={Object inheritance without classes},
  author={Jones, Timothy and Homer, Michael and Noble, James and Bruce, Kim},
  booktitle={LIPIcs},
  year={2016},
}

@inproceedings{ErnstVirtual,
 author = {Ernst, Erik and Ostermann, Klaus and Cook, William R.},
 title = {A Virtual Class Calculus},
 booktitle = {POPL},
 year = {2006},
}

@book{plotkin1973lambda,
  title={Lambda-definability and logical relations},
  author={Plotkin, Gordon},
  year={1973},
  publisher={Edinburgh University}
}

@article{tait,
 author = {W. W. Tait},
 journal = {JSL},
 number = {2},
 pages = {198-212},
 title = {Intensional Interpretations of Functionals of Finite Type I},
 volume = {32},
 year = {1967}
}

@article{statman1985logical,
  title={Logical relations and the typed $\lambda$-calculus},
  author={Statman, Richard},
  journal={Information and Control},
  volume={65},
  number={2-3},
  pages={85--97},
  year={1985},
}

@inproceedings{Nystrom_2004,
	year = 2004,
	author = {Nathaniel Nystrom and Stephen Chong and Andrew C. Myers},
	title = {Scalable extensibility via nested inheritance},
	booktitle = {OOPSLA}
}

@inproceedings{reynolds1983types,
  title={Types, Abstraction and Parametric Polymorphism},
  author={Reynolds, John C.},
  booktitle={IFIP},
  year={1983}
}


@inproceedings{oliveira2012extensibility,
  title={Extensibility for the Masses},
  author={Oliveira, Bruno C. d. S. and Cook, William R.},
  booktitle={ECOOP},
  year={2012},
}

@inproceedings{oliveira2013feature,
  title={Feature-Oriented programming with object algebras},
  author={Oliveira, Bruno C. d. S. and Van Der Storm, Tijs and Loh, Alex and Cook, William R},
  booktitle={ECOOP},
  year={2013}
}


@TechReport{reynolds1988preliminary,
  title={Preliminary design of the programming language Forsythe},
  author={Reynolds, John C},
  institution={Carnegie Mellon University},
  year={1988}
}

@INPROCEEDINGS{pubsdoc:tribe-virtual-calculus,
booktitle	= {AOSD},
title		= {{Tribe: More Types for Virtual Classes}},
author		= {Clarke, David and Drossopoulou, Sophia and Noble, James and Wrigstad, Tobias},
year		= {2007},
}

@article{SAITO_2007,
	year = 2007,
	volume = {18},
	number = {03},
	author = {Chieri Saito and Atsushi Igarashi and Mirko Viroli},
	title = {Lightweight family polymorphism},
	journal = {JFP}
}

@inproceedings{Madsen_1989,
	year = 1989,
	author = {O. L. Madsen and B. Moller-Pedersen},
	title = {Virtual classes: a powerful mechanism in object-oriented programming},
	booktitle = {OOPSLA}
}

@book{LehrmannMadsen:1993:OPB:221048,
 author = {Lehrmann Madsen, Ole and M{\o}-Pedersen, Birger and Nygaard, Kristen},
 title = {Object-oriented Programming in the BETA Programming Language},
 year = {1993},
 publisher = {ACM Press/Addison-Wesley Publishing Co.},
}

@inproceedings{Nystrom:2006:JNI:1167473.1167476,
 author = {Nystrom, Nathaniel and Qi, Xin and Myers, Andrew C.},
 title = {{J\&: Nested Intersection for Scalable Software Composition}},
 booktitle = {OOPSLA},
 year = {2006},
}

@inproceedings{wang2016expression,
  title={The expression problem, trivially!},
  author={Wang, Yanlin and Oliveira, Bruno C d S},
  booktitle={Proceedings of the 15th International Conference on Modularity},
  year={2016},
}

@inproceedings{bruce1995binary,
  title={On binary methods},
  author={Bruce, Kim and Cardelli, Luca and Castagna, Giuseppe and Leavens, Gary T and Pierce, Benjamin and others},
  booktitle={TAPOS},
  year={1996},
}

@article{CARETTE_2009,
	year = 2009,
	volume = {19},
	number = {05},
	pages = {509},
	author = {Jacques Carette and Oleg Kiselyov and Chung-Chieh Shan},
	title = {Finally tagless, partially evaluated: Tagless staged interpreters for simpler typed languages},
	journal = {JFP}
}
