@inproceedings{siek2007gradual,
  title={Gradual Typing for Objects},
  author={Siek, Jeremy G. and Taha, Walid},
  booktitle={European Conference on Object-Oriented Programming},
  year={2007},
}

@inproceedings{ahmed2011blame,
 author = {Ahmed, Amal and Findler, Robert Bruce and Siek, Jeremy G. and Wadler, Philip},
 title = {Blame for All},
 booktitle = {Proceedings of the 38th Symposium on Principles of Programming Languages},
 year = {2011},
}

@inproceedings{amal2017blame,
  title={Theorems for Free for Free: Parametricity, With and Without Types},
  author={Ahmed, Amal and Dustin Jamner and Siek, Jeremy G. and Wadler, Philip},
  booktitle={Proceedings of the 22nd International Conference on Functional Programming},
  year={2017},
}

@inproceedings{yuu2017poly,
  title={On Polymorphic Gradual Typing},
  author={Igarashi, Yuu and Sekiyama, Taro and Igarashi, Atsushi},
  booktitle={Proceedings of the 22nd International Conference on Functional Programming},
  year={2017},
}


@inproceedings{garcia2016abstracting,
  title={Abstracting Gradual Typing},
  author={Garcia, Ronald and Clark, Alison M and Tanter, {\'E}ric},
  booktitle={Proceedings of the 43rd Symposium on Principles of Programming Languages},
  year={2016},
}

@inproceedings{wadler1989theorems,
  title={Theorems for Free!},
  author={Wadler, Philip},
  booktitle={Proceedings of the 4th International Conference on Functional Programming Languages and Computer Architecture},
  year={1989},
}

@inproceedings{siek2015refined,
  title={Refined Criteria for Gradual Typing},
  author={Siek, Jeremy G. and Vitousek, Michael M and Cimini, Matteo and Boyland, John Tang},
  booktitle={LIPIcs-Leibniz International Proceedings in Informatics},
  year={2015},
}

@inproceedings{dunfield2013complete,
  title={Complete and Easy Bidirectional Typechecking for Higher-Rank Polymorphism},
  author={Dunfield, Joshua and Krishnaswami, Neelakantan R},
  booktitle={International Conference on Functional Programming},
  year={2013},
}

@inproceedings{siek2008gradual,
  title={Gradual Typing with Unification-based Inference},
  author={Siek, Jeremy G. and Vachharajani, Manish},
  booktitle={Proceedings of the 2008 Symposium on Dynamic Languages},
  year={2008},
}

@inproceedings{cimini2016gradualizer,
  title={The Gradualizer: A Methodology and Algorithm for Generating Gradual Type Systems},
  author={Cimini, Matteo and Siek, Jeremy G.},
  booktitle={Proceedings of the 43rd Symposium on Principles of Programming Languages},
  year={2016},
}

@article{jones2007practical,
  title={Practical Type Inference for Arbitrary-Rank Types},
  author={Peyton Jones, Simon and Vytiniotis, Dimitrios and Weirich, Stephanie and Shields, Mark},
  journal={Journal of Functional Programming},
  volume={17},
  number={1},
  pages={1--82},
  year={2007},
}

@inproceedings{siek2006gradual,
  title={Gradual Typing for Functional Languages},
  author={Siek, Jeremy G. and Taha, Walid},
  booktitle={Proceedings of the 2006 Scheme and Functional Programming Workshop},
  year={2006}
}

@inproceedings{reynolds1983types,
  title={Types, Abstraction and Parametric Polymorphism},
  author={Reynolds, John C.},
  booktitle={Proceedings of the IFIP 9th World Computer Congress},
  year={1983}
}

@inproceedings{garcia2015principal,
  title={Principal Type Schemes for Gradual Programs},
  author={Garcia, Ronald and Cimini, Matteo},
  booktitle={Proceedings of the 42nd Symposium on Principles of Programming Languages},
  year={2015},
}

@inproceedings{reynolds1974towards,
  title={Towards a Theory of Type Structure},
  author={Reynolds, John C.},
  booktitle={Programming Symposium},
  year={1974},
}

@inproceedings{odersky1996putting,
  title={Putting Type Annotations to Work},
  author={Odersky, Martin and L{\"a}ufer, Konstantin},
  booktitle={Proceedings of the 23rd Symposium on Principles of Programming Languages},
  year={1996},
}

@inproceedings{mitchell1990polymorphic,
  title={Polymorphic Type Inference and Containment},
  author={Mitchell, John C},
  booktitle={Logical foundations of functional programming},
  year={1990},
}


@inproceedings{typescript,
 author = {Bierman, Gavin and Abadi, Mart\'{\i}n and Torgersen, Mads},
 title = {Understanding TypeScript},
 booktitle = {Proceedings of the 28th European Conference on Object-Oriented Programming},
 year = {2014},
}

@inproceedings{verlaguet2013facebook,
  title={Facebook: Analyzing PHP statically},
  author={Verlaguet, Julien},
  booktitle={Proceedings of Commercial Users of Functional Programming},
  year={2013}
}

@inproceedings{Bierman_2010,
	year = 2010,
	author = {Gavin Bierman and Erik Meijer and Mads Torgersen},
	title = {Adding Dynamic Types to C\#},
	booktitle = {Proceedings of the European Conference on Object-Oriented Programming}
}

@incollection{Bonnaire_Sergeant_2016,
	year = 2016,
	author = {Ambrose Bonnaire-Sergeant and Rowan Davies and Sam Tobin-Hochstadt},
	title = {Practical Optional Types for Clojure},
	booktitle = {Programming Languages and Systems}
}

@inproceedings{Vitousek_2014,
	year = 2014,
	author = {Michael M. Vitousek and Andrew M. Kent and Jeremy G. Siek and Jim Baker},
	title = {Design and Evaluation of Gradual Typing for Python},
	booktitle = {Proceedings of the 10th Symposium on Dynamic languages}
}

@misc{siek2016key,
  title={The Key to Blame: Gradual Typing Meets Cryptography (draft)},
  author={Siek, Jeremy G. and Wadler, Philip},
  year={2016}
}

@inproceedings{Ba_ados_Schwerter_2014,
	year = 2014,
	author = {Felipe {Ba{\~{n}}ados Schwerter} and Ronald Garcia and {\'{E}}ric Tanter},
	title = {A Theory of Gradual Effect Systems},
	booktitle = {Proceedings of the 19th International Conference on Functional Programming}
}

@inproceedings{CiminiPOPL,
 author = {Cimini, Matteo and Siek, Jeremy G.},
 title = {Automatically Generating the Dynamic Semantics of Gradually Typed Languages},
 booktitle = {Proceedings of the 44th Symposium on Principles of Programming Languages},
 year = {2017},
}

@inproceedings{gronski2006sage,
  title={Sage: Hybrid Checking for Flexible Specifications},
  author={Gronski, Jessica and Knowles, Kenneth and Tomb, Aaron and Freund, Stephen N and Flanagan, Cormac},
  booktitle = {Scheme and Functional Programming Workshop},
  year={2006},
}


@article{abadi1995dynamic,
  title={Dynamic Typing in Polymorphic Languages},
  author={Abadi, Martin and Cardelli, Luca and Pierce, Benjamin and R{\'e}my, Didier},
  journal={Journal of Functional Programming},
  volume={5},
  number={1},
  pages={111--130},
  year={1995},
}


@inproceedings{Wadler_2009,
 author = {Wadler, Philip and Findler, Robert Bruce},
 title = {Well-Typed Programs Can't Be Blamed},
 booktitle = {Proceedings of the 18th European Symposium on Programming Languages and Systems},
 year = {2009},
}

@inproceedings{Reynolds_coherence,
 author = {Reynolds, John C.},
 title = {The Coherence of Languages with Intersection Types},
 booktitle = {Proceedings of the International Conference on Theoretical Aspects of Computer Software},
 year = {1991},
}

@inproceedings{Jafery:2017:SUR:3093333.3009865,
 author = {Jafery, Khurram A. and Dunfield, Joshua},
 title = {Sums of Uncertainty: Refinements Go Gradual},
 booktitle = {Proceedings of the 44th Symposium on Principles of Programming Languages},
 year = {2017},
 numpages = {14},
 acmid = {3009865},
 keywords = {gradual typing, refinement types},
}

@article{castagna2017gradual,
 author = {Castagna, Giuseppe and Lanvin, Victor},
 title = {Gradual Typing with Union and Intersection Types},
 journal = {Proc. ACM Program. Lang.},
 issue_date = {September 2017},
 volume = {1},
 number = {ICFP},
 month = aug,
 year = {2017},
 pages = {41:1--41:28},
 articleno = {41},
 numpages = {28},
 acmid = {3110285},
 publisher = {ACM},
 address = {New York, NY, USA},
 keywords = {Gradual typing, intersection types, negation types, set-theoretic types, union types},
}

@inproceedings{vytiniotis2012defer,
 author = {Vytiniotis, Dimitrios and Peyton Jones, Simon and Magalh\~{a}es, Jos{\'e} Pedro},
 title = {Equality Proofs and Deferred Type Errors: A Compiler Pearl},
 booktitle = {Proceedings of the 17th International Conference on Functional Programming},
 series = {ICFP '12},
 year = {2012},
 acmid = {2364554},
 address = {New York, NY, USA},
 keywords = {deferred type errors, system fc, type equalities},
}

@article{devriese2017parametricity,
  title={Parametricity versus the universal type},
  author={Devriese, Dominique and Patrignani, Marco and Piessens, Frank},
  journal={Proceedings of the ACM on Programming Languages},
  volume={2},
  number={POPL},
  pages={38},
  year={2017},
  publisher={ACM}
}