@inproceedings{harper-1994,
  author = {Robert Harper and Mark Lillibridge},
  title = {A type-theoretic approach to higher-order modules with sharing},
  booktitle = {Proceedings of the 21st ACM SIGPLAN-SIGACT symposium on Principles of programming languages - POPL '94},
  year = {1994},
}

@inproceedings{chen-2003-coerc,
	year = 2003,
	author = {Gang Chen},
	title = {Coercive subtyping for the calculus of constructions},
	booktitle = {Proceedings of the 30th {ACM} {SIGPLAN}-{SIGACT} symposium on Principles of programming languages - {POPL} '03}
}
