@inproceedings{siek2007gradual,
  title={Gradual Typing for Objects},
  author={Siek, Jeremy G. and Taha, Walid},
  booktitle={European Conference on Object-Oriented Programming},
  year={2007},
}

@inproceedings{ahmed2011blame,
 author = {Ahmed, Amal and Findler, Robert Bruce and Siek, Jeremy G. and Wadler, Philip},
 title = {Blame for All},
 booktitle = {Proceedings of the 38th Symposium on Principles of Programming Languages},
 year = {2011},
}

@inproceedings{amal2017blame,
  title={Theorems for Free for Free: Parametricity, With and Without Types},
  author={Ahmed, Amal and Dustin Jamner and Siek, Jeremy G. and Wadler, Philip},
  booktitle={Proceedings of the 22nd International Conference on Functional Programming},
  year={2017},
}

@inproceedings{yuu2017poly,
  title={On Polymorphic Gradual Typing},
  author={Igarashi, Yuu and Sekiyama, Taro and Igarashi, Atsushi},
  booktitle={Proceedings of the 22nd International Conference on Functional Programming},
  year={2017},
}


@inproceedings{garcia2016abstracting,
  title={Abstracting Gradual Typing},
  author={Garcia, Ronald and Clark, Alison M and Tanter, {\'E}ric},
  booktitle={Proceedings of the 43rd Symposium on Principles of Programming Languages},
  year={2016},
}

@inproceedings{wadler1989theorems,
  title={Theorems for Free!},
  author={Wadler, Philip},
  booktitle={Proceedings of the 4th International Conference on Functional Programming Languages and Computer Architecture},
  year={1989},
}

@inproceedings{siek2015refined,
  title={Refined Criteria for Gradual Typing},
  author={Siek, Jeremy G. and Vitousek, Michael M and Cimini, Matteo and Boyland, John Tang},
  booktitle={LIPIcs-Leibniz International Proceedings in Informatics},
  year={2015},
}

@inproceedings{dunfield2013complete,
  title={Complete and Easy Bidirectional Typechecking for Higher-Rank Polymorphism},
  author={Dunfield, Joshua and Krishnaswami, Neelakantan R},
  booktitle={International Conference on Functional Programming},
  year={2013},
  note =      {\url{https://arxiv.org/abs/1306.6032}}
}

@inproceedings{siek2008gradual,
  title={Gradual Typing with Unification-based Inference},
  author={Siek, Jeremy G. and Vachharajani, Manish},
  booktitle={Proceedings of the 2008 Symposium on Dynamic Languages},
  year={2008},
}

@inproceedings{cimini2016gradualizer,
  title={The Gradualizer: A Methodology and Algorithm for Generating Gradual Type Systems},
  author={Cimini, Matteo and Siek, Jeremy G.},
  booktitle={Proceedings of the 43rd Symposium on Principles of Programming Languages},
  year={2016},
}

@article{jones2007practical,
  title={Practical Type Inference for Arbitrary-Rank Types},
  author={Peyton Jones, Simon and Vytiniotis, Dimitrios and Weirich, Stephanie and Shields, Mark},
  journal={Journal of Functional Programming},
  volume={17},
  number={1},
  pages={1--82},
  year={2007},
}

@inproceedings{siek2006gradual,
  title={Gradual Typing for Functional Languages},
  author={Siek, Jeremy G. and Taha, Walid},
  booktitle={Proceedings of the 2006 Scheme and Functional Programming Workshop},
  year={2006}
}

@inproceedings{reynolds1983types,
  title={Types, Abstraction and Parametric Polymorphism},
  author={Reynolds, John C.},
  booktitle={Proceedings of the IFIP 9th World Computer Congress},
  year={1983}
}

@inproceedings{garcia2015principal,
  title={Principal Type Schemes for Gradual Programs},
  author={Garcia, Ronald and Cimini, Matteo},
  booktitle={Proceedings of the 42nd Symposium on Principles of Programming Languages},
  year={2015},
}

@inproceedings{reynolds1974towards,
  title={Towards a Theory of Type Structure},
  author={Reynolds, John C.},
  booktitle={Programming Symposium},
  year={1974},
}

@inproceedings{odersky1996putting,
  title={Putting Type Annotations to Work},
  author={Odersky, Martin and L{\"a}ufer, Konstantin},
  booktitle={Proceedings of the 23rd Symposium on Principles of Programming Languages},
  year={1996},
}

@inproceedings{mitchell1990polymorphic,
  title={Polymorphic Type Inference and Containment},
  author={Mitchell, John C},
  booktitle={Logical foundations of functional programming},
  year={1990},
}


@inproceedings{typescript,
 author = {Bierman, Gavin and Abadi, Mart\'{\i}n and Torgersen, Mads},
 title = {Understanding TypeScript},
 booktitle = {Proceedings of the 28th European Conference on Object-Oriented Programming},
 year = {2014},
}

@inproceedings{verlaguet2013facebook,
  title={Facebook: Analyzing PHP statically},
  author={Verlaguet, Julien},
  booktitle={Proceedings of Commercial Users of Functional Programming},
  year={2013}
}

@inproceedings{Bierman_2010,
	year = 2010,
	author = {Gavin Bierman and Erik Meijer and Mads Torgersen},
	title = {Adding Dynamic Types to C\#},
	booktitle = {Proceedings of the European Conference on Object-Oriented Programming}
}

@incollection{Bonnaire_Sergeant_2016,
	year = 2016,
	author = {Ambrose Bonnaire-Sergeant and Rowan Davies and Sam Tobin-Hochstadt},
	title = {Practical Optional Types for Clojure},
	booktitle = {Programming Languages and Systems}
}

@inproceedings{Vitousek_2014,
	year = 2014,
	author = {Michael M. Vitousek and Andrew M. Kent and Jeremy G. Siek and Jim Baker},
	title = {Design and Evaluation of Gradual Typing for Python},
	booktitle = {Proceedings of the 10th Symposium on Dynamic languages}
}

@misc{siek2016key,
  title={The Key to Blame: Gradual Typing Meets Cryptography (draft)},
  author={Siek, Jeremy G. and Wadler, Philip},
  year={2016}
}

@inproceedings{Ba_ados_Schwerter_2014,
	year = 2014,
	author = {Felipe {Ba{\~{n}}ados Schwerter} and Ronald Garcia and {\'{E}}ric Tanter},
	title = {A Theory of Gradual Effect Systems},
	booktitle = {Proceedings of the 19th International Conference on Functional Programming}
}

@inproceedings{CiminiPOPL,
 author = {Cimini, Matteo and Siek, Jeremy G.},
 title = {Automatically Generating the Dynamic Semantics of Gradually Typed Languages},
 booktitle = {Proceedings of the 44th Symposium on Principles of Programming Languages},
 year = {2017},
}

@inproceedings{gronski2006sage,
  title={Sage: Hybrid Checking for Flexible Specifications},
  author={Gronski, Jessica and Knowles, Kenneth and Tomb, Aaron and Freund, Stephen N and Flanagan, Cormac},
  booktitle = {Scheme and Functional Programming Workshop},
  year={2006},
}


@article{abadi1995dynamic,
  title={Dynamic Typing in Polymorphic Languages},
  author={Abadi, Martin and Cardelli, Luca and Pierce, Benjamin and R{\'e}my, Didier},
  journal={Journal of Functional Programming},
  volume={5},
  number={1},
  pages={111--130},
  year={1995},
}


@inproceedings{Wadler_2009,
 author = {Wadler, Philip and Findler, Robert Bruce},
 title = {Well-Typed Programs Can't Be Blamed},
 booktitle = {Proceedings of the 18th European Symposium on Programming Languages and Systems},
 year = {2009},
}

@inproceedings{Reynolds_coherence,
 author = {Reynolds, John C.},
 title = {The Coherence of Languages with Intersection Types},
 booktitle = {Proceedings of the International Conference on Theoretical Aspects of Computer Software},
 year = {1991},
}

@inproceedings{Jafery:2017:SUR:3093333.3009865,
 author = {Jafery, Khurram A. and Dunfield, Joshua},
 title = {Sums of Uncertainty: Refinements Go Gradual},
 booktitle = {Proceedings of the 44th Symposium on Principles of Programming Languages},
 year = {2017},
 numpages = {14},
 acmid = {3009865},
 keywords = {gradual typing, refinement types},
}

@article{castagna2017gradual,
 author = {Castagna, Giuseppe and Lanvin, Victor},
 title = {Gradual Typing with Union and Intersection Types},
 journal = {Proc. ACM Program. Lang.},
 issue_date = {September 2017},
 volume = {1},
 number = {ICFP},
 month = aug,
 year = {2017},
 pages = {41:1--41:28},
 articleno = {41},
 numpages = {28},
 acmid = {3110285},
 publisher = {ACM},
 address = {New York, NY, USA},
 keywords = {Gradual typing, intersection types, negation types, set-theoretic types, union types},
}

@inproceedings{vytiniotis2012defer,
 author = {Vytiniotis, Dimitrios and Peyton Jones, Simon and Magalh\~{a}es, Jos{\'e} Pedro},
 title = {Equality Proofs and Deferred Type Errors: A Compiler Pearl},
 booktitle = {Proceedings of the 17th International Conference on Functional Programming},
 series = {ICFP '12},
 year = {2012},
 acmid = {2364554},
 address = {New York, NY, USA},
 keywords = {deferred type errors, system fc, type equalities},
}

@article{devriese2017parametricity,
  title={Parametricity versus the universal type},
  author={Devriese, Dominique and Patrignani, Marco and Piessens, Frank},
  journal={Proceedings of the ACM on Programming Languages},
  volume={2},
  number={POPL},
  pages={38},
  year={2017},
  publisher={ACM}
}

@article{WELLS1999111,
title = "Typability and type checking in System F are equivalent and undecidable",
journal = "Annals of Pure and Applied Logic",
volume = "98",
number = "1",
pages = "111 - 156",
year = "1999",
issn = "0168-0072",
doi = "https://doi.org/10.1016/S0168-0072(98)00047-5",
url = "http://www.sciencedirect.com/science/article/pii/S0168007298000475",
author = "J.B. Wells",
keywords = "System F, Semi-unification, Type inference, Typability, Type checking, Lambda calculus"
}

@book{pierce2002types,
  title={Types and programming languages},
  author={Pierce, Benjamin C},
  year={2002}
}

@phdthesis{morris1969lambda,
  title={Lambda-calculus models of programming languages.},
  author={Morris Jr, James Hiram},
  year={1969},
  school={Massachusetts Institute of Technology}
}

@inproceedings{xie2018consistent,
  title={Consistent Subtyping for All},
  author={Xie, Ningning and Bi, Xuan and Oliveira, Bruno C. d. S.},
  booktitle={European Symposium on Programming},
  pages={3--30},
  year={2018},
}

@book{church1941calculi,
  title={The calculi of lambda-conversion},
  author={Church, Alonzo},
  number={6},
  year={1941},
  publisher={Princeton University Press}
}

@article{parigot1992recursive,
  title={Recursive programming with proofs},
  author={Parigot, Michel},
  journal={Theoretical Computer Science},
  volume={94},
  number={2},
  pages={335--356},
  year={1992},
  publisher={Elsevier}
}

@book{curry1958combinatory,
  title={Combinatory logic},
  author={Curry, Haskell Brooks and Feys, Robert and Craig, William and Hindley, J Roger and Seldin, Jonathan P},
  volume={1},
  year={1958},
  publisher={North-Holland Amsterdam}
}

@inproceedings{damas1982principal,
 author = {Damas, Luis and Milner, Robin},
 title = {Principal Type-schemes for Functional Programs},
 series = {POPL '82},
 year = {1982},
 numpages = {6},
 acmid = {582176},
}

@article{hindley69principal,
  title = {The Principal Type-Scheme of an Object in Combinatory Logic},
  author = {J. Roger Hindley},
  journal = {Transactions of the American Mathematical Society},
  volume = {146},
  number = {},
  pages = {29-60},
  year = {1969},
  publisher = {American Mathematical Society}
}

@inproceedings{siek2009exploring,
  title={Exploring the design space of higher-order casts},
  author={Siek, Jeremy and Garcia, Ronald and Taha, Walid},
  booktitle={European Symposium on Programming},
  pages={17--31},
  year={2009},
}

@inproceedings{le2014mlf,
 author = {Le Botlan, Didier and R{\'e}my, Didier},
 title = {MLF: Raising ML to the Power of System F},
 series = {ICFP '03},
 year = {2003},
 numpages = {12},
 acmid = {944709},
 keywords = {ML, first-class polymorphism, second-order polymorphism, system F, type annotations, type inference},
}

@inproceedings{remy2008graphic,
 author = {R{\'e}my, Didier and Yakobowski, Boris},
 title = {From ML to MLF: Graphic Type Constraints with Efficient Type Inference},
 series = {ICFP '08},
 year = {2008},
 numpages = {12},
 acmid = {1411216},
 keywords = {ML, MLF, binders, graphs, system F, type constraints, type generalization, type inference, type instantiation, types, unification},
}

@article{le2009recasting,
  title={Recasting MLF},
  author={Le Botlan, Didier and R{\'e}my, Didier},
  journal={Information and Computation},
  volume={207},
  number={6},
  pages={726--785},
  year={2009},
  publisher={Elsevier}
}

@inproceedings{leijen2009flexible,
 author = {Leijen, Daan},
 title = {Flexible Types: Robust Type Inference for First-class Polymorphism},
 series = {POPL '09},
 year = {2009},
 numpages = {12},
 acmid = {1480891},
 keywords = {first-class polymorphism, mlf, system f},
}


@inproceedings{vytiniotis2008fph,
author = {Vytiniotis, Dimitrios and Weirich, Stephanie and Peyton Jones, Simon},
 title = {FPH: First-class Polymorphism for Haskell},
 series = {ICFP '08},
 year = {2008},
 numpages = {12},
 acmid = {1411246},
 keywords = {higher-rank types, impredicativity, type inference},
}

@inproceedings{kiselyov2004strongly,
  title={Strongly typed heterogeneous collections},
  author={Kiselyov, Oleg and L{\"a}mmel, Ralf and Schupke, Keean},
  booktitle={Proceedings of the 2004 ACM SIGPLAN workshop on Haskell},
  pages={96--107},
  year={2004},
  organization={ACM}
}

@article{mcbride2002faking,
  title={Faking it Simulating dependent types in Haskell},
  author={McBride, Conor},
  journal={Journal of functional programming},
  volume={12},
  number={4-5},
  pages={375--392},
  year={2002},
  publisher={Cambridge University Press}
}

@inproceedings{jones1997type,
  title={Type classes: exploring the design space},
  author={Jones, Simon Peyton and Jones, Mark and Meijer, Erik},
  booktitle={Haskell workshop},
  volume={1997},
  year={1997}
}

@inproceedings{jones2000type,
  title={Type classes with functional dependencies},
  author={Jones, Mark P},
  booktitle={European Symposium on Programming},
  pages={230--244},
  year={2000},
  organization={Springer}
}

@techreport{cardelli1993implementation,
  title={An implementation of FSub},
  author={Cardelli, Luca},
  year={1993},
  institution={Research Report 97, Digital Equipment Corporation Systems Research Center}
}

@inproceedings{Morris:1973:TS:512927.512938,
 author = {Morris,Jr., James H.},
 title = {Types Are Not Sets},
 booktitle = {Proceedings of the 1st Annual ACM SIGACT-SIGPLAN Symposium on Principles of Programming Languages},
 series = {POPL '73},
 year = {1973},
 location = {Boston, Massachusetts},
 pages = {120--124},
 numpages = {5},
 url = {http://doi.acm.org/10.1145/512927.512938},
 doi = {10.1145/512927.512938},
 acmid = {512938},
 publisher = {ACM},
 address = {New York, NY, USA},
}

@inproceedings{matthews2008parametric,
  title={Parametric polymorphism through run-time sealing or, theorems for low, low prices!},
  author={Matthews, Jacob and Ahmed, Amal},
  booktitle={European Symposium on Programming},
  pages={16--31},
  year={2008},
  organization={Springer}
}

@inproceedings{Neis:2009:NP:1596550.1596572,
 author = {Neis, Georg and Dreyer, Derek and Rossberg, Andreas},
 title = {Non-parametric Parametricity},
 booktitle = {Proceedings of the 14th ACM SIGPLAN International Conference on Functional Programming},
 series = {ICFP '09},
 year = {2009},
 isbn = {978-1-60558-332-7},
 location = {Edinburgh, Scotland},
 pages = {135--148},
 numpages = {14},
 url = {http://doi.acm.org/10.1145/1596550.1596572},
 doi = {10.1145/1596550.1596572},
 acmid = {1596572},
 publisher = {ACM},
 address = {New York, NY, USA},
 keywords = {intensional type analysis, parametricity, representation independence, step-indexed logical relations, type-safe cast},
}

@inproceedings{Davies:2000:ITC:351240.351259,
 author = {Davies, Rowan and Pfenning, Frank},
 title = {Intersection Types and Computational Effects},
 booktitle = {Proceedings of the Fifth ACM SIGPLAN International Conference on Functional Programming},
 series = {ICFP '00},
 year = {2000},
 isbn = {1-58113-202-6},
 pages = {198--208},
 numpages = {11},
 url = {http://doi.acm.org/10.1145/351240.351259},
 doi = {10.1145/351240.351259},
 acmid = {351259},
 publisher = {ACM},
 address = {New York, NY, USA},
}

@misc{lehtosalo2016mypy,
  title={Mypy.},
  author={Lehtosalo, Jukka and others},
  url={http://www.mypy-lang.org/},
  year = {2006}
}