
@inproceedings{oliveira2016disjoint,
  title={Disjoint intersection types},
  author={Oliveira, Bruno C. d. S. and Shi, Zhiyuan and Alpuim, Jo{\~a}o},
  booktitle={Proceedings of the 21st ACM SIGPLAN International Conference on Functional Programming (ICFP 2016)},
  year={2016}
}

@inproceedings{alpuimdisjoint,
  title={Disjoint Polymorphism},
  author={Alpuim, Jo{\~a}o and Oliveira, Bruno C. d. S. and Shi, Zhiyuan},
  booktitle = {Proceedings of the 26th European Symposium on Programming (ESOP 2017)},
  year={2017}
}

@inproceedings{scharli2003traits,
  title={Traits: Composable units of behaviour},
  author={Sch{\"a}rli, Nathanael and Ducasse, St{\'e}phane and Nierstrasz, Oscar and Black, Andrew P},
  booktitle={European Conference on Object-Oriented Programming (ECOOP 2003},
  year={2003},
}

@inproceedings{cook1989denotational,
	year = {1989},
	author = {Cook, William R. and Palsberg, Jens},
	title = {A denotational semantics of inheritance and its correctness},
	booktitle = {Object-Oriented Programming: Systems, Languages and Applications (OOPSLA 1989)}
}

@article{wadler1998expression,
  title={The expression problem},
  author={Wadler, Philip},
  journal={Java-genericity mailing list},
  year={1998}
}

@article{coppo1981functional,
  title={Functional characters of solvable terms},
  author={Coppo, Mario and Dezani-Ciancaglini, Mariangiola and Venneri, Betti},
  journal={Mathematical Logic Quarterly},
  year={1981},
}

@article{dunfield2014elaborating,
  title={Elaborating intersection and union types},
  author={Dunfield, Joshua},
  journal={Journal of Functional Programming},
  year={2014},
}



@inproceedings{oliveira09modular,
  title = "Modular Visitor Components: A Practical Solution to the Expression Families Problem",
  author = {Oliveira, Bruno C. d. S. },
  year = "2009",
  booktitle = "23rd European Conference on Object Oriented Programming (ECOOP 2009)",
}


@inproceedings{oliveira2012extensibility,
  title={Extensibility for the Masses},
  author={Oliveira, Bruno C. d. S. and Cook, William R.},
  booktitle={European Conference on Object-Oriented Programming (ECOOP 2012)},
  year={2012},
}


@inproceedings{cook1989inheritance,
  title={Inheritance is not subtyping},
  author={Cook, William R. and Hill, Walter and Canning, Peter S},
  booktitle={Proceedings of the 17th ACM SIGPLAN-SIGACT symposium on Principles of programming languages},
  year={1989},
}


@inproceedings{togersen:2004,
  author    = {Mads Torgersen},
  title     = {{The Expression Problem Revisited}},
  booktitle = {European Conference on Object-Oriented Programming (ECOOP 2004)},
  year      = {2004},
}

@inproceedings{oliveira2013feature,
  title={Feature-Oriented programming with object algebras},
  author={Oliveira, Bruno C. d. S. and Van Der Storm, Tijs and Loh, Alex and Cook, William R},
  booktitle={European Conference on Object-Oriented Programming (ECOOP 2013)},
  year={2013}
}

@inproceedings{rendel14attributes,
 author = {Rendel, Tillmann and Brachth\"{a}user, Jonathan Immanuel and Ostermann, Klaus},
 title = {From Object Algebras to Attribute Grammars},
 booktitle = {Proceedings of the 2014 ACM International Conference on Object Oriented Programming: Systems Languages and Applications},
 year = {2014}
}

@BOOK{poplcook,
  TITLE = {Anatomy of Programming Languages},
  AUTHOR = {William R. Cook},
  YEAR = {2013},
  url = {http://www.cs.utexas.edu/~wcook/anatomy/}
}

@article{pottinger1980type,
  title={A type assignment for the strongly normalizable $\lambda$-terms},
  author={Pottinger, Garrel},
  journal={To HB Curry: essays on combinatory logic, lambda calculus and formalism},
  pages={561--577},
  year={1980}
}

@inproceedings{bracha1990mixin,
  title={Mixin-based inheritance},
  author={Bracha, Gilad and Cook, William R.},
  booktitle={Object-oriented Programming: Systems, Languages and Applications (OOPSLA 1990)},
  year={1990},
}

@inproceedings{flatt1998classes,
  title={Classes and mixins},
  author={Flatt, Matthew and Krishnamurthi, Shriram and Felleisen, Matthias},
  booktitle={Proceedings of the 25th ACM SIGPLAN-SIGACT symposium on Principles of programming languages},
  year={1998},
}

@inproceedings{chambers1992object,
  title={Object-oriented multi-methods in Cecil},
  author={Chambers, Craig},
  booktitle={European Conference on Object-Oriented Programming (ECOOPâ€™92)},
  year={1992},
}

@techreport{chambers1993cecil,
  title={The Cecil Language},
  author={Chambers, Craig},
  year={1993},
  institution={Citeseer}
}


@inproceedings{lieberman1986using,
  title={Using prototypical objects to implement shared behavior in object-oriented systems},
  author={Lieberman, Henry},
  booktitle={ACM Sigplan Notices},
  volume={21},
  number={11},
  pages={214--223},
  year={1986},
  organization={ACM}
}

@inproceedings{bettini2008type,
  title={Type safe dynamic object delegation in class-based languages},
  author={Bettini, Lorenzo and Bono, Viviana},
  booktitle={Proceedings of the 6th international symposium on Principles and practice of programming in Java},
  year={2008},
}


@inproceedings{kniesel1999type,
  title={Type-safe delegation for run-time component adaptation},
  author={Kniesel, G{\"u}nter},
  booktitle={European Conference on Object-Oriented Programming},
  year={1999},
}

@inproceedings{ostermann2001object,
  title={Object-oriented composition untangled},
  author={Ostermann, Klaus and Mezini, Mira},
  booktitle={Object-Oriented Programming: Systems, Languages and Applications (OOPSLA 2001)},
  year={2001},
}

@inproceedings{buchi2000generic,
  title={Generic wrappers},
  author={B{\"u}chi, Martin and Weck, Wolfgang},
  booktitle={European Conference on Object-Oriented Programming},
  pages={201--225},
  year={2000},
  organization={Springer}
}

@article{ernst2000gbeta,
  title={gbeta-a language with virtual attributes, Block Structure, and Propagating, Dynamic Inheritance},
  author={Ernst, Erik},
  journal={DAIMI Report Series},
  volume={29},
  number={549},
  year={2000}
}

@article{ostermann2008nominal,
	year = 2008,
	volume = {7},
	number = {1},
	pages = {121--145},
	author = {Klaus Ostermann},
	title = {Nominal and Structural Subtyping in Component-Based Programming.},
	journal = {The Journal of Object Technology}
}

@inproceedings{ostermann2002dynamically,
  title={Dynamically composable collaborations with delegation layers},
  author={Ostermann, Klaus},
  booktitle={European Conference on Object-Oriented Programming},
  year={2002},
}

@inproceedings{wegner1987dimensions,
  title={Dimensions of object-based language design},
  author={Wegner, Peter},
  year={1987},
  booktitle={Object-Oriented Programming: Systems, Languages and Applications (OOPSLA 1987)},
}

@inproceedings{malenfant1995semantic,
  title={On the semantic diversity of delegation-based programming languages},
  author={Malenfant, Jacques},
  booktitle={Object-Oriented Programming: Systems, Languages and Applications (OOPSLA 1995)},
  year={1995},
}

@article{anderson2003can,
  title={Can Addresses be Types?: A case study: objects with delegation},
  author={Anderson, Christopher and Barbanera, Franco and Dezani-Ciancaglini, Mariangiola and Drossopoulou, Sophia},
  journal={Electronic Notes in Theoretical Computer Science},
  volume={82},
  number={8},
  pages={108--129},
  year={2003},
}

@inproceedings{menon2012big,
  title={Big Bang: Designing a statically-typed scripting language},
  author={Menon, PH and Palmer, Z and Rozenshteyn, A and Smith, S},
  booktitle={International Workshop on Scripts to Programs (STOP), Beijing, China},
  year={2012}
}

@phdthesis{palmer2015building,
  title={Building a Typed Scripting Language},
  author={Palmer, Zachary Eli},
  year={2015},
  school={Johns Hopkins University}
}

@inproceedings{bono1999core,
  title={A core calculus of classes and mixins},
  author={Bono, Viviana and Patel, Amit and Shmatikov, Vitaly},
  booktitle={European Conference on Object-Oriented Programming},
  year={1999},
}

@inproceedings{ancona2003jam,
  title={Jam--designing a Java extension with mixins},
  author={Ancona, Davide and Lagorio, Giovanni and Zucca, Elena},
  booktitle={ACM Transactions on Programming Languages and Systems (TOPLAS)},
  year={2003},
}

@article{dahl1967simula,
  title={Simula 67 common base language},
  author={Dahl, Ole-Johan and Myhrhaug, Bjorn and Nygaard, Kristen},
  year={1967}
}

@article{meyer1987eiffel,
  title={Eiffel: programming for reusability and extendibility},
  author={Meyer, Bertrand},
  journal={ACM Sigplan Notices},
  volume={22},
  number={2},
  pages={85--94},
  year={1987},
  publisher={ACM}
}

@inproceedings{fisher2004typed,
  title={A typed calculus of traits},
  author={Fisher, Kathleen and Reppy, John},
  booktitle={Proceedings of the 11th Workshop on Foundations of Object-oriented Programming},
  year={2004}
}

@inproceedings{odersky2005scalable,
  title={Scalable component abstractions},
  author={Odersky, Martin and Zenger, Matthias},
  booktitle={Object-Oriented Programming: Systems, Languages and Applications (OOPSLA 2005)},
  year={2005},
}

@inproceedings{ungar1988self,
  title={SELF: the power of simplicity (object-oriented language)},
  author={Ungar, David and Smith, Randall B},
  booktitle={Compcon Spring'88. Thirty-Third IEEE Computer Society International Conference, Digest of Papers},
  year={1988},
}

@inproceedings{fisher1995delegation,
  title={A delegation-based object calculus with subtyping},
  author={Fisher, Kathleen and Mitchell, John},
  booktitle={Fundamentals of Computation Theory},
  year={1995},
}

@book{goldberg1989smalltalk,
  title={Smalltalk-80: the language},
  author={Goldberg, Adele and Robson, David},
  year={1989},
  publisher={Addison-Wesley Longman Publishing Co., Inc.}
}


@inproceedings{bettini2010prototypical,
  title={A prototypical Java-like language with records and traits},
  author={Bettini, Lorenzo and Damiani, Ferruccio and Schaefer, Ina and Strocco, Fabio},
  booktitle={Proceedings of the 8th International Conference on the Principles and Practice of Programming in Java},
  year={2010},
}

@article{ducasse2006traits,
  title={Traits: A mechanism for fine-grained reuse},
  author={Ducasse, St{\'e}phane and Nierstrasz, Oscar and Sch{\"a}rli, Nathanael and Wuyts, Roel and Black, Andrew P},
  journal={ACM Transactions on Programming Languages and Systems (TOPLAS)},
  volume={28},
  number={2},
  pages={331--388},
  year={2006},
  publisher={ACM}
}

@article{scharli2003traitsformal,
  title={Traits: The formal model},
  author={Scharli, Nathanael and Ducasse, St and Wuyts, Roel and Black, Andrew and others},
  year={2003}
}


@article{cardelli1984semantics,
  title={A semantics of multiple inheritance},
  author={Cardelli, Luca},
  journal={Semantics of data types},
  pages={51--67},
  year={1984},
}

@article{america1991designing,
  title={Designing an object-oriented programming language with behavioural subtyping},
  author={America, Pierre},
  journal={Foundations of object-oriented languages},
  year={1991},
}

@inproceedings{graver1989type,
  title={A type system for Smalltalk},
  author={Graver, Justin O and Johnson, Ralph E},
  booktitle={Proceedings of the 17th ACM SIGPLAN-SIGACT symposium on Principles of programming languages},
  year={1989},
}

@inproceedings{bruce1995polytoil,
  title={PolyTOIL: A type-safe polymorphic object-oriented language},
  author={Bruce, Kim B and Schuett, Angela and Van Gent, Robert},
  booktitle={European Conference on Object-Oriented Programming},
  year={1995},
}

@inproceedings{Smaragdakis98mixin,
 author = {Smaragdakis, Yannis and Batory, Don S.},
 title = {Implementing Layered Designs with Mixin Layers},
 booktitle = {Proceedings of the 12th European Conference on Object-Oriented Programming},
 year = {1998}
}

@incollection{Aracic06CaesarJ,
 author = {Aracic, Ivica and Gasiunas, Vaidas and Mezini, Mira and Ostermann, Klaus},
 chapter = {An Overview of Caesarj},
 title = {Transactions on Aspect-Oriented Software Development I},
 year = {2006}
}

@inproceedings{McDirmid01Jiazzi,
 author = {McDirmid, Sean and Flatt, Matthew and Hsieh, Wilson C.},
 title = {Jiazzi: New-age Components for Old-fasioned Java},
 booktitle = {Proceedings of the 16th ACM SIGPLAN Conference on Object-oriented Programming, Systems, Languages, and Applications},
 year = {2001}
}

@inproceedings{Harrison93subject,
 author = {Harrison, William and Ossher, Harold},
 title = {Subject-oriented Programming: A Critique of Pure Objects},
 booktitle = {Proceedings of the Eighth Annual Conference on Object-oriented Programming Systems, Languages, and Applications},
 year = {1993},
}

@inproceedings{Tarr99ndegrees,
 author = {Tarr, Peri and Ossher, Harold and Harrison, William and Sutton,Jr., Stanley M.},
 title = {N Degrees of Separation: Multi-dimensional Separation of Concerns},
 booktitle = {Proceedings of the 21st International Conference on Software Engineering},
 year = {1999},
}

@inproceedings{Prehofer97,
  author =   {Christian Prehofer},
  title =    {Feature-Oriented Programming: A Fresh Look at Objects},
  booktitle =    {Object-Oriented Programming 11th European Conference},
  year =   1997
}

@inproceedings{nystrom2006j,
  title={Nested intersection for scalable software composition},
  author={Nystrom, Nathaniel and Qi, Xin and Myers, Andrew C},
  booktitle={Object-Oriented Programming: Systems, Languages and Applications (OOPSLA 2006)},
  year = {2006},
}

@InProceedings{Zenger-Odersky2005 ,
  author =   {Zenger, Mathhias and Odersky, Martin},
  title =        {Independently Extensible Solutions to the Expression Problem},
  booktitle =    {Foundations of Object-Oriented Languages},
  year =         2005,
}

@inproceedings{Oliveira_2008,
	year = 2008,
	author = {Oliveira, Bruno C. d. S. and Wang, Meng and Gibbons, Jeremy},
	title = {The visitor pattern as a reusable, generic, type-safe component},
	booktitle = {Object Oriented Programming: Systems, Languages and Applications}
}

@article{zave1999faq,
  title={Faq sheet on feature interaction},
  author={Zave, Pamela},
  journal={Link: http://www. research. att. com/\~{} pamela/faq. html},
  year={1999}
}

@inproceedings{lopez2005evaluating,
  title={Evaluating support for features in advanced modularization technologies},
  author={Lopez-Herrejon, Roberto E and Batory, Don and Cook, William},
  booktitle={European Conference on Object-Oriented Programming},
  year={2005},
}

@inproceedings{wand1987complete,
  title={Complete type inference for simple objects},
  author={Wand, Mitchell},
  booktitle={LICS},
  year={1987}
}

@inproceedings{wand1989type,
  title={Type Inference for Record Concatenation and Multiple Inheritance},
  author={Wand, Mitchell},
  booktitle={LICS},
  year={1989}
}