@inproceedings{Tismer2000,
  title={Continuations and stackless {P}ython},
  author={Tismer, Christian},
  booktitle={Proceedings of the 8$^{th}$ International Python Conference},
  volume={1},
  year={2000}
}
@article{Abelson1998,
	  title={Revised$^{5}$ {R}eport on the {A}lgorithmic {L}anguage {S}cheme},
	  author={Abelson, H. and Dybvig, R.K. and Haynes, C.T. and Rozas, G.J. and Adams, N.I., IV and Friedman, D.P. and Kohlbecker, E. and Steele, G.L., Jr. and Bartley, D.H. and Halstead, R. and Oxley, D. and Sussman, G.J. and Brooks, G. and Hanson, C. and Pitman, K.M. and Wand, M.},
	  journal={Higher-Order and Symbolic Computation},
	  volume={11},
          number={1},
          pages={7--105},
          year={1998},
          publisher={Springer}
}
@article{hprof,
	  title={{HPROF}: a {Heap/CPU} profiling tool in {J2SE} 5.0},
	  author={O'Hair, Kelly},
	  journal={Sun Developer Network, Developer Technical Articles \& Tips},
	  year={2004}
}
@misc{jmh,
	title={{OpenJDK}: jmh},
	author={Friberg, Staffan and Shipilev, Aleksey and Astrand, Anders and Kuksenko, Sergey and Loef, Henrik},
	url={openjdk.java.net/projects/code-tools/jmh/},
	year={2014}
}
@article{Shao1994,
	author = {Shao, Zhong and Appel, Andrew W.},
	journal = {ACM SIGPLAN Lisp Pointers},
	number = {3},
	title = {{Space-efficient closure representations}},
	volume = {VII},
	pages = {150--161},
	year = {1994}
}
@article{Steele1975,
  title={Scheme: An interpreter for the extended lambda calculus},
  author={Steele, Guy Lewis and Sussman, Gerald Jay},
  journal={Artificial Intelligence Lab Memo},
  volume={349},
  year={1975}
}
@techreport{Steele1978,
 author = {Steele, Guy Lewis},
 title = {Rabbit: A {C}ompiler for {S}cheme},
 year = {1978},
 institution = {Massachusetts Institute of Technology},
} 
@techreport{Tullsen1996,
	author = {Tullsen, Mark},
	title = {{Compiling Haskell to Java}},
	number = {YALEU/DCS/RR-1204},
	institution = {Yale University},
	year = {1996}
}
@inproceedings{Wuerthinger2013,
	 author = {W\"{u}rthinger, Thomas and Wimmer, Christian and W\"{o}\ss, Andreas and Stadler, Lukas and Duboscq, Gilles and Humer, Christian and Richards, Gregor and Simon, Doug and Wolczko, Mario},
	  title = {{One VM to Rule Them All}},
	   booktitle = {Proceedings of the 2013 ACM International Symposium on New Ideas, New Paradigms, and Reflections on Programming \& Software},
	     year = {2013},
		pages={187--204}
} 
@article{Clements2004,
	author = {Clements, John and Felleisen, Matthias},
	journal = {ACM Transactions on Programming Languages and Systems},
	pages = {1029--1052},
	number = {6},
	title = {{A tail-recursive machine with stack inspection}},
	volume = {26},
	year = {2004}
}

@inproceedings{Dyer2008,
author = {Dyer, Robert and Rajan, Hridesh},
 title = {Nu: A {D}ynamic {A}spect-oriented {I}ntermediate {L}anguage {M}odel and {V}irtual {M}achine for {F}lexible {R}untime {A}daptation},
 booktitle = {Proceedings of the 7$^{th}$ International Conference on Aspect-oriented Software Development},
 year = {2008},
 pages = {191-202}
}
@article{Schinz2001,
author = {Schinz, Michel and Odersky, Martin},
journal = {Electronic Notes in Theoretical Computer Science},
number = {1},
title = {{Tail call elimination on the Java Virtual Machine}},
volume = {59},
year = {2001},
pages = {158--171}
}

@article{League2001,
author = {League, C and Trifonov, V and Shao, Z},
journal = {Proceedings 5$^{th}$ World Conference on Systemics, Cybernetics, and Informatics},
title = {{Functional Java Bytecode}},
year = {2001},
[ages = {1--6}
}
@article{Wakeling1999,
author = {Wakeling, David},
journal = {Journal of Functional Programming},
number = {6},
title = {{Compiling lazy functional programs for the Java Virtual Machine}},
volume = {9},
year = {1999},
pages = {579--603}
}

@inproceedings{Minamide2003,
 author = {Minamide, Yasuhiko},
 title = {{Selective Tail Call Elimination}},
 booktitle = {Proceedings of the 10$^{th}$ International Conference on Static Analysis},
 year = {2003},
 pages = {53--170}
} 
@article{Choi2001,
author = {Choi, Kwanghoon and Lim, Hyun-il and Han, T.},
journal = {Functional and Logic Programming},
publisher = {Springer},
title = {{Compiling lazy functional programs based on the spineless tagless G-machine for the {J}ava virtual machine}},
year = {2001},
pages = {92--107}
}
@article{Krishnamurthi2006,
 author = {Krishnamurthi, Shriram},
 title = {EDUCATIONAL {P}EARL: Automata via {M}acros},
 journal = {Journal of Functional Programming},
  volume = {16},
 number = {3},
 year = {2006},
 pages = {253--267}
} 
@inproceedings{Hickey2008,
author = {Hickey, Rich},
booktitle = {Proceedings of the 2008 Symposium on Dynamic Languages},
pages = {1},
title = {{The Clojure programming language}},
year = {2008}
}

@inproceedings{Steele1977,
author = {Steele, Guy Lewis},
booktitle = {Proceedings of the 1977 Annual Conference},
title = {{Debunking the ``Expensive Procedure Call'''' Myth or, Procedure
Call Implementations Considered Harmful or, LAMDBA: The Ultimate GOTO}},
pages = {153--162},
year = {1977}
}
@inproceedings{Benton1998,
 author = {Benton, Nick and Kennedy, Andrew and Russell, George},
 title = {Compiling {S}tandard {ML} to {J}ava {B}ytecodes},
 booktitle = {Proceedings of the 3$^{rd}$ ACM SIGPLAN International Conference on Functional Programming},
 year = {1998},
 pages = {129--140},
} 
@article{Baker1995,
author = {Baker, Henry G.},
journal = {ACM SIGPLAN Notices},
number = {9},
title = {{CONS should not CONS its arguments, part II}},
volume = {30},
year = {1995},
pages = {17--20}
}
@misc{Wechsung,
author = {Wechsung, Ingo},
title = {{Frege}},
url = {{github.com/Frege/frege}},
urldate = {29/09/14},
year = {2014}
}
@article{Kennedy2004,
author = {Kennedy, Andrew and Syme, Don},
journal = {Concurrency and Computation: Practice and Experience},
number = {7},
title = {{Transposing F to C\#: expressivity of parametric polymorphism in an object-oriented language}},
volume = {16},
year = {2004},
pages = {707â€“-733}
}

@misc{Schwaighofer2009,
author = {Schwaighofer, Arnold},
title = {{Tail Call Optimization in the Java HotSpot\texttrademark  VM}},
note = {Master Thesis, Johannes Kepler Universit\"{a}t Linz},
year = {2009}
}

@Book{erlang,
    title     = {{Programming Erlang: Software for a Concurrent World}},
    author    = {Armstrong, Joe},
    year      = {2007},
    publisher = {Pragmatic Bookshelf},
}

@misc{recur,
    title = {Recur construct, {C}lojure documentation},
    year = {2014},
    author = {Rich Hickey},
    url ={clojuredocs.org/clojure.core/recur}
}
@Manual{Odersky2014b,
  title =        {The {S}cala {L}anguage {S}pecification, Version 2.9},
  author =       {Martin Odersky},
  organization = {\'{E}cole Polytechnique F\'{e}d\'{e}rale de Lausanne},
  year =         2014,
} 


@phdthesis{girard72dissertation,
  author = {Jean-Yves Girard},
  title = {Interpr\'{e}tation fonctionnelle et \'{e}limination des coupures de l'arithm\'{e}tique d'ordre sup\'{e}rieur},
  school = {Universit\'{e} Paris VII},
  year = {1972}
}

@inproceedings{reynolds74towards,
  author    = {John C. Reynolds},
  title     = {{Towards a Theory of Type Structure}},
  booktitle = {Symposium on Programming},
  year      = {1974},
  pages		= {408--425}
}

@article{marlow06making,
  title={{Making a fast curry: push/enter vs. eval/apply for higher-order languages}},
  author={Marlow, S. and Jones, S.P.},
  journal={Journal of Functional Programming},
  volume={16},
  number={4-5},
  pages={415--449},
  year={2006}
}

@article{Igarashi01FJM,
 author = {Igarashi, Atsushi and Pierce, Benjamin C. and Wadler, Philip},
 title = {Featherweight {J}ava: A {M}inimal {C}ore {C}alculus for {J}ava and {GJ}},
 journal = {ACM Transactions on Programming Languages and Systems},
 volume = {23},
 number = {3},
 year = {2001},
 doi = {10.1145/503502.503505},
 keywords = {Compilation, Java, generic classes, language design, language semantics},
} 

@TechReport{bierman03imperative,
  author =	 {G.M. Bierman and M.J. Parkinson and A.M. Pitts},
  title =	 {An {I}mperative {C}ore {C}alculus for {J}ava and {J}ava with
                  {E}ffects},
  institution =	 {University of Cambridge Computer Laboratory},
  year =	 2003,
  number =	 563
}

@article{igarashi02inner,
title = "On Inner Classes",
journal = "Information and Computation",
volume = "177",
number = "1",
year = "2002",
doi = "10.1006/inco.2002.3092",
author = "Atsushi Igarashi and Benjamin C. Pierce"
}

@phdThesis{Wadsworth:1971,
  author = 	 {C.P.~Wadsworth},
  title = 	 {Semantics and Pragmatics of the Lambda-Calculus},
  school = 	 {University of Oxford},
  year = 	 {1971},
}

@phdthesis{dragos10compiling,
 author = {I. Dragos},
 title =  {Compiling Scala for Performance},
 school = {PhD thesis, \'{E}cole Polytechnique F\'{e}d\'{e}rale de Lausanne},
 year = {2010}
}
