%% This BibTeX bibliography file was created using BibDesk.
%% http://bibdesk.sourceforge.net/

%% Created for Linus Yang at 2015-06-26 11:14:58 +0800 


%% Saved with string encoding Unicode (UTF-8) 

@INPROCEEDINGS{Reynolds:1974,
  AUTHOR    = "Reynolds, John C.",
  TITLE     = "Towards a theory of type structure",
  BOOKTITLE = "Proceedings of the `Colloque sur la
              Programmation'",
  YEAR      = 1974,
  NUMBER    = 19,
  PAGES     = "408--425",
  ADDRESS   = "Paris, France"
}

@inproceedings{Eisenberg:2014,
 author = {Eisenberg, Richard A. and Vytiniotis, Dimitrios and Peyton Jones, Simon and Weirich, Stephanie},
 title = {Closed Type Families with Overlapping Equations},
 booktitleFULL = {Proceedings of the 41st ACM SIGPLAN-SIGACT Symposium on Principles of Programming Languages},
 booktitle = {POPL '14},
 year = {2014},
} 
 
@article{pts:normalize,
	Author = {Jutting, LSV},
	Journal = {Information and Computation},
	Number = {1},
	Pages = {30--41},
	Title = {Typing in pure type systems},
	Volume = {105},
	Year = {1993}}

@inproceedings{handbook,
	Author = {Henk Barendregt},
	Booktitle = {Handbook of Logic in Computer Science},
	Pages = {117--309},
	Title = {Lambda Calculi with Types},
	Volume = {2},
	Year = {1992}}

@incollection{dep:pisigma,
	Author = {Altenkirch, Thorsten and Danielsson, Nils Anders and L{\"o}h, Andres and Oury, Nicolas},
	Booktitle = {Functional and Logic Programming},
	Pages = {40--55},
	Title = {{$\Pi$$\Sigma$: Dependent types without the sugar}},
	Year = {2010},
        publisher={Springer}}

@inproceedings{fc:kind,
 author = {Weirich, Stephanie and Hsu, Justin and Eisenberg, Richard A.},
 title = {System FC with Explicit Kind Equality},
 booktitleFULL = {Proceedings of the 18th ACM SIGPLAN International Conference on Functional Programming},
 booktitle = {ICFP '13},
 year = {2013},
 pages = {275--286},
}

@InProceedings{zombie:popl14,
  author = 	  {Chris Casinghino and Vilhelm Sj\"oberg and Stephanie Weirich},
  title = 	  {Combining Proofs and Programs in a Dependently Typed Language},
  BooktitleFULL = {Proceedings of the 41st Annual ACM SIGPLAN-SIGACT Symposium on Principles of Programming Languages},
  booktitle = {POPL '14},
  year = 	  2014,
  pages =     {33--45},
}

@TechReport{Cheney-Hinze:2003,
  author    = "James Cheney and Ralf Hinze",
  title     = "First-Class Phantom Types",
  number    = "CUCIS TR2003-1901",
  year      = "2003",
}

@phdthesis{zombie:thesis2,
	Author = {Vilhem Sj\"oberg},
	Coq = {papers/step_teqt.tar.gz},
	School = {University of Pennsylvania},
	Title = {A Dependently Typed Language with Nontermination},
	Year = {2015}}

@inproceedings{zombie:popl15,
	Author = {Sj\"{o}berg, Vilhelm and Weirich, Stephanie},
	BooktitleFULL = {Proceedings of the 42nd Annual ACM SIGPLAN-SIGACT Symposium on Principles of Programming Languages},
        booktitle = {POPL '15},
	Numpages = {14},
	Pages = {369--382},
	Title = {Programming Up to Congruence},
	Year = {2015}}
        
@INPROCEEDINGS{pts:henk,
	AUTHOR = {S.L. {Peyton Jones} and E. Meijer},
	TITLE = {Henk: a {T}yped {I}ntermediate {L}anguage},
	BOOKTITLE = {Types in Compilation Workshop},
	PAGES = {},
	OPTPUBLISHER = {},
	YEAR = {1997}
}

@inproceedings{fc,
  title={System F with Type Equality Coercions},
  author={Sulzmann, Martin and Chakravarty, Manuel M. T. and Jones, Simon Peyton and Donnelly, Kevin},
  booktitleFULL={Proceedings of the ACM SIGPLAN international workshop on Types in Languages Design and Implementation},
  booktitle = {TLDI '07},
  pages={53--66},
  year={2007},
}

@inproceedings{fc:pro,
 author = {Yorgey, Brent A. and Weirich, Stephanie and Cretin, Julien and Peyton Jones, Simon and Vytiniotis, Dimitrios and Magalh\~{a}es, Jos{\'e} Pedro},
 title = {Giving {H}askell a {P}romotion},
 booktitleFULL = {Proceedings of the 8th ACM SIGPLAN Workshop on Types in Language Design and Implementation},
 booktitle = {TLDI '12},
 year = {2012},
 pages = {53--66},
 numpages = {14},
}

@Article{coc,
  author = 	 {Thierry Coquand and G\'erard Huet},
  title = 	 {The Calculus of Constructions},
  journal = 	 {Information and Computation},
  year = 	 {1988},
  volume = 	 {76},
  pages = 	 {95--120}
}

@inproceedings{Fegaras1996,
author = {Fegaras, Leonidas and Sheard, Tim},
booktitleFULL = {Proceedings of the 23rd ACM SIGPLAN-SIGACT Symposium on Principles of Programming Languages},
booktitle = {POPL '96},
pages = {284--294},
title = {{Revisiting catamorphisms over datatypes with embedded functions (or, programs from outer space)}},
year = {1996}
}

@article{Bohm1985,
  title={Automatic synthesis of typed $\lambda$-programs on term algebras},
  author={B{\"o}hm, Corrado and Berarducci, Alessandro},
  journal={Theoretical Computer Science},
  volume={39},
  pages={135--154},
  year={1985},
}

@inproceedings{Swamy2011,
  author    = {Nikhil Swamy and
               Juan Chen and
               C{\'e}dric Fournet and
               Pierre-Yves Strub and
               Karthikeyan Bhargavan and
               Jean Yang},
  title     = {Secure distributed programming with value-dependent types},
  booktitleFULL = {International Conference on Functional Programming},
  booktitle = {ICFP '11},
  year      = {2011},
  pages     = {266-278},
}

@inproceedings{Meijer1991,
  author    = {Erik Meijer and
               Maarten M. Fokkinga and
               Ross Paterson},
  title     = "{Functional Programming with Bananas, Lenses, Envelopes and
               Barbed Wire}",
  booktitle = {Functional Programming Languages and Computer Architecture},
  year      = {1991},
}

@phdthesis{systemfw,
  author={Girard, Jean-Yves},
  title = {Interprétation fonctionnelle et élimination des coupures de l'arithmétique d'ordre supérieur},
  school = {Université Paris VII},
  year = {1972}
}

@article{nesteddt,
author = {Bird, Richard and Meertens, Lambert},
journal = {Mathematics of program construction},
pages = {52--67},
title = {{Nested datatypes}},
volume = {1422},
year = {1998}
}

@book{tapl,
  title={Types and programming languages},
  author={Pierce, Benjamin C},
  year={2002},
  publisher={MIT press}
}

@article{pts,
author = {Barendregt, Henk},
journal = {Journal of Functional Programming},
pages = {125--154},
title = {Introduction to generalized type systems},
volume = {1},
number = {2},
year = {1991}
}

@article{cic,
author = {Pfenning, F and Paulin-Mohring, C},
journal = {Mathematical Foundations of Programming Semantics},
pages = {209--228},
title = {{Inductively defined types in the Calculus of Constructions}},
year = {1990}
}

@article{encoding:scott,
		  author={Mogensen, T. \AE.},
		  title={Theoretical pearls: Efficient self-interpretation in lambda calculus},
		  journal={Journal of Functional Programming},
		  volume={2},
		  number={3},
		  year={1992},
		  pages={345--364}
		  }
                  
@inproceedings{elim:pi:pattern,
  author    = {Healfdene Goguen and
               Conor McBride and
               James McKinna},
  title     = {Eliminating Dependent Pattern Matching},
  booktitle = {Algebra, Meaning, and Computation, Essays Dedicated to Joseph A. Goguen
               on the Occasion of His 65th Birthday},
  pages     = {521--540},
  year      = {2006},
}

@book{Luo:UTT,
    author = {Luo, Zhaohui},
    month = {May},
    publisher = {Oxford University Press, USA},
    title = {Computation and Reasoning: A Type Theory for Computer Science (International Series of Monographs on Computer Science)},
    year = {1994}
}

@Misc{axiomK,
  author =       {Thomas Streicher},
  title =        {Investigations into intensional type theory},
  howpublished = {Habilitation Thesis, {L}udwig {M}aximilian
                      {U}niversit\"{a}t},
  year =         1993
}

@inproceedings{eqi:iso,
	Author = {Crary, Karl and Harper, Robert and Puri, Sidd},
 BooktitleFULL = {ACM SIGPLAN Conference on Programming Language Design and Implementation},
        booktitle = {PLDI '99},
	Title = {What is a recursive module?},
	Pages = {50--63},
	Year = {1999}}

@InProceedings{hoas,
  author = 	 {Frank Pfenning and Conal Elliott},
  title = 	 {Higher-order abstract syntax},
  booktitleFULL = {ACM SIGPLAN '88 Symposium on Language Design and Implementation},
  booktitle = {PLDI '88},
  pages = 	 {199--208},
  year = 	 {1988},
}

@article{datatype,
  author = "Wouter Swierstra",
  title = "Data types \`a la carte",
  journal = "Journal of Functional Programming",
  year = 2008,
  volume = 18,
  number = 4, 
  pages = "423 -- 436",
} 

@inproceedings{cayenne,
 author = {Augustsson, Lennart},
 title = {Cayenne --- a Language with Dependent Types},
 booktitleFULL = {Proceedings of the Third ACM SIGPLAN International Conference on Functional Programming},
 booktitle = {ICFP '98},
 year = {1998},
 pages = {239--250},
}

@article{spt,
  title={Representing inductively defined sets by wellorderings in Martin-L{\"o}f's type theory},
  author={Dybjer, Peter},
  journal={Theoretical Computer Science},
  volume={176},
  number={1},
  pages={329--335},
  year={1997},
}

@phdthesis{agda,
	Author = {Ulf Norell},
	Date-Added = {2009-07-22 15:34:31 +0200},
	Date-Modified = {2009-07-22 15:34:31 +0200},
	School = {Chalmers University of Technology},
	Title = {Towards a practical programming language based on dependent type theory},
	Year = {2007}}

@Misc{coqsite,
  author= {{Coq development team}},
  title = {The Coq proof assistant},
  howpublished = {\url{http://coq.inria.fr/}}
}

@InProceedings{idris,
  Title                    = {{IDRIS---systems programming meets full dependent types}},
  Author                   = {Brady, Edwin},
  BooktitleFULL                = {Proceedings of the 5th ACM workshop on Programming languages meets program verification},
  booktitle = {PLPV '11},
  Year                     = {2011},
  Pages                    = {43--54},
}

@Article{harper:lf,
  author =	"Robert Harper and Furio Honsell and Gordon Plotkin",
  title =	"A Framework for Defining Logics",
  journal =	"Journal of the Association for Computing Machinery",
  volume =	"40",
  number =	"1",
  month =	jan,
  year =	"1993",
  pages =	"143--184",
  keywords = 	"LF"
}

@incollection{lf:delphin,
  title={Practical programming with higher-order encodings and dependent types},
  author={Poswolsky, Adam and Sch{\"u}rmann, Carsten},
  booktitle={Programming Languages and Systems},
  pages={93--107},
  year={2008},
}

@InProceedings{lf:twelf,
  author =       "Frank Pfenning and Carsten Sch{\"u}rmann",
  title =        "System Description: Twelf --- {A} Meta-Logical
                 Framework for Deductive Systems",
  pages =        "202--206",
  booktitle =    "Proceedings of the International Conference on
                 Automated Deduction",
  year =         "1999",
  month =        jul,
}

@inproceedings{gadtsml,
  title={GADTs for the OCaml masses},
  author={Mandelbaum, Yitzhak and Stump, Aaron},
  booktitle={Workshop on ML},
  year={2009}
}
@TECHREPORT{haskellgadt,
  AUTHOR = {Simon {Peyton~Jones} and Geoffrey Washburn and Stephanie Weirich},
  TITLE = {Wobbly types: type inference for generalised algebraic data types},
  INSTITUTION = {University of Pennsylvania},
  YEAR = 2004,
  MONTH = jul,
  NUMBER = {MS-CIS-05-26},
  PLCLUB = "yes",
}

@article{Vanderwaart:2003ik,
 author = {Vanderwaart, Joseph C. and Dreyer, Derek and Petersen, Leaf and Crary, Karl and Harper, Robert and Cheng, Perry},
 title = {Typed Compilation of Recursive Datatypes},
 booktitleFULL = {Proceedings of the 2003 ACM SIGPLAN International Workshop on Types in Languages Design and Implementation},
 booktitle = {TLDI '03},
 year = {2003},
 pages = {98--108},
}

@book{typeintype,
  title={A Polymorphic lambda-calculus with Type: Type},
  author={Cardelli, Luca},
  year={1986},
  publisher={Digital Systems Research Center}
}
@inproceedings{guru,
 author = {Stump, Aaron and Deters, Morgan and Petcher, Adam and Schiller, Todd and Simpson, Timothy},
 title = {Verified Programming in Guru},
 booktitleFULL = {Proceedings of the 3rd Workshop on Programming Languages Meets Program Verification},
 booktitle = {PLPV '09},
 year = {2008},
 pages = {49--58},
}
@inproceedings{sjoberg:msfp12,
  author = {Vilhelm Sj\"oberg and Chris Casinghino and Ki Yung Ahn and
            Nathan Collins and Harley D. Eades III and Peng Fu
            and Garrin Kimmell and Tim Sheard and Aaron Stump
            and Stephanie Weirich},
  title = {Irrelevance, Heterogenous Equality, and Call-by-value Dependent Type Systems},
  booktitleFULL = {Fourth workshop on Mathematically Structured Functional Programming (MSFP '12)},
  booktitle = {MSFP '12},
  year = 2012,
  pages = {112--162},
}
@InProceedings{kimmel:plpv,
  author = 		  {Garrin Kimmell and Aaron Stump and Harley D. Eades III and 
                 Peng Fu and Tim Sheard and Stephanie Weirich and Chris Casinghino
                 and Vilhelm Sj\"oberg and Nathan Collins and Ki Yung Ahn},
  title = 		  {Equational Reasoning about Programs with General Recursion and Call-by-value Semantics},
  booktitleFULL = {Sixth ACM SIGPLAN Workshop Programming Languages meets Program Verification (PLPV '12)},
  booktitle = {PLPV '12},
  year = 	  2012,
  plclub = "yes",
  pages = {15--26},
}
@article{marlow2010haskell,
  title={Haskell 2010 language report},
  author={Marlow, Simon and others},
  journal={Available online http://www. haskell. org/(May 2011)},
  year={2010}
}
@article{Jones00,
author = {Jones, Mark P.},
journal = {Proceedings of the 9th European Symposium on Programming Languages and Systems},
number = {March},
title = {{Type Classes with Functional Dependencies}},
year = {2000}
}

@inproceedings{Doorn:2013hq,
 author = {van Doorn, Floris and Geuvers, Herman and Wiedijk, Freek},
 title = {Explicit Convertibility Proofs in Pure Type Systems},
 booktitleFULL = {Proceedings of the Eighth ACM SIGPLAN International Workshop on Logical Frameworks \&\#38; Meta-languages: Theory \&\#38; Practice},
 booktitle = {LFMTP '13},
 year = {2013},
 pages = {25--36},
} 
                  
@article{charcoq,
   author = "Arthur Chargu{\'e}raud",
   title = "The Locally Nameless Representation",
   journal = "Journal of Automated Reasoning",
   pages = "1-46",
   year = "2011",
}

@Misc{full,
  author= {Yang, Yanpeng and Bi, Xuan and Oliveira, Bruno C. d. S.},
  title = {Unified Syntax with Iso-Types},
  howpublished = {Extended version available from \fullurl},
  year = {2016}
}
                  
@inproceedings{guarded,
author = {Xi, Hongwei and Chen, Chiyan and Chen, Gang},
title = {{Guarded recursive datatype constructors}},
booktitle = {Proceedings of the 30th ACM SIGPLAN-SIGACT symposium on Principles of programming languages},
year = {2003},
pages = {224--235},
}

@TechReport{phantom,
  author    = "James Cheney and Ralf Hinze",
  title     = "First-Class Phantom Types",
  number    = "CUCIS TR2003-1901",
  year      = "2003",
}
                  
@incollection{heq,
  title={Elimination with a motive},
  author={McBride, Conor},
  booktitle={Types for proofs and programs},
  pages={197--216},
  year={2000},
}
                  
@article{para,
  title={Pure type systems with judgemental equality},
  author={Adams, Robin},
  journal={Journal of Functional Programming},
  volume={16},
  number={02},
  pages={219--246},
  year={2006},
  publisher={Cambridge Univ Press}
}
